2734 4610
655 264 659 274 Ι
760 185 818 248 ar

114 369 119 374 ’
229 371 377 434 acerrimi
407 371 511 434 critici
537 371 666 434 omnino
698 373 847 435 metrum·
866 372 1045 436 saturnium
1075 392 1151 457 prae
1178 369 1326 436 hexame

230 475 388 559 sprevisse
418 475 577 540 videntur.
623 467 780 542 Acerbius
811 499 891 542 vero
912 480 1060 541 nostrum
1082 477 1145 540 erit
1163 477 1328 540 iudicium

230 581 272 644 ad
294 581 398 666 ipsam
422 585 525 644 artem
549 582 708 666 poeticam
737 583 879 648 animum
909 573 1107 647 adici-timus
1137 602 1201 664 qua
1230 579 1338 644 Naevi

229 707 282 748 res
304 680 533 750 describendas
556 687 694 751 ornavit.
741 685 853 774 Quum
875 689 958 752 enim
981 689 1014 752 in
1027 685 1224 772 ¹fragmentis
1249 685 1320 748 null

230 795 385 874 appareat
408 790 524 870 lumen·
542 792 712 869 orationis,
744 794 873 857 videtur
902 793 1063 857 annalium
1093 789 1162 855 fere
1189 790 1294 854 modo

231 917 295 957 una
318 894 410 958 alteri
433 917 562 958 annexa
579 900 678 981 atque
706 898 836 962 adserta
864 899 964 962 fuisse
992 901 1043 961 ut
1056 918 1122 960 non
1154 900 1289 980 poetam

231 999 465 1066 balbutientem
490 1001 814 1072 historicumaudire
836 1003 929 1085 nobis
951 1003 1128 1067 videamur.
1156 1001 1288 1084 “ltaque
1310 1025 1331 1064 n

231 1095 490 1196 reprehenderim
524 1109 675 1174 acerbum
702 1107 737 1170 id
764 1109 892 1190 quidem
922 1107 1067 1172 Teuffelii
1097 1105 1251 1171 iudicium
1262 1107 1288 1189 1)

227 1232 314 1302 „opus
344 1209 458 1276 Naevii
491 1211 633 1276 ieiunum
666 1212 806 1298 adpellat
839 1203 1027 1296 merumque
1063 1233 1195 1298 prosam
1224 1209 1332 1275 versib

208 1393 211 1397 ,
232 1314 432 1404 adstrictam,
455 1317 488 1379 in
512 1339 577 1400 qua
600 1317 688 1382 color
708 1317 763 1400 qui
786 1316 904 1381 dicitur
926 1319 1072 1403 poeticus
1092 1317 1144 1380 bic
1159 1315 1224 1380 illic
1238 1319 1335 1378 tantu

185 1472 190 1479 .
232 1419 446 1505 adparentia
469 1420 748 1508 descriptionibus.
794 1422 964 1507 ingeniose
992 1443 1120 1507 quoque
1146 1421 1208 1485 Th.
1230 1420 1326 1484 Mem

232 1546 326 1590 senus
338 1528 365 1606 ²)
385 1526 499 1590 Naevii
522 1548 633 1590 versus
654 1549 735 1610 quos
750 1527 830 1592 dicit
845 1529 1089 1614 semiprcsaicos
1105 1509 1276 1610 comparat
1297 1548 1315 1589 c

232 1630 427 1694 carminibus
451 1629 566 1712 quibus
591 1631 704 1696 medio.
720 1654 798 1697 aevo
820 1633 948 1698 annales
964 1653 1046 1717 quos
1068 1632 1218 1696 chronica
1233 1631 1351 1694 dicimus

232 1733 536 1826 cpnscribebantur3
569 1737 620 1801 cui
648 1738 826 1808 sententiae
855 1740 924 1826 ipse
956 1736 1071 1803 Cicero
1100 1737 1282 1801 adsentitur
1316 1733 1350 1818 q'

98 1906 109 1914 ,
180 1873 182 1877 ·
232 1839 320 1922 quod
340 1839 374 1902 in
397 1839 502 1909 Bruto
529 1849 579 1918 19,
606 1850 646 1907 74
670 1842 762 1908 dicit:
793 1831 924 1919 ‚itamen
946 1845 1034 1940 illius
1053 1864 1148 1927 quem
1177 1842 1210 1905 in
1239 1840 1351 1904 vatibus

232 1949 265 2008 et
296 1944 418 2011 Faunis
448 1952 597 2012 numerat
625 1947 750 2014 Ennius
781 1948 899 2022 bellum
922 1949 1081 2015 Punicum
1106 1947 1197 2032 quasi
1218 1946 1350 2030 Myroni

231 2073 315 2136 opus
339 2050 513 2128 delectat‚“
548 2054 645 2120 latius
678 2054 812 2139 exponit
840 2054 873 2116 in
901 2054 1008 2118 Bruto
1042 2060 1092 2130 18,
1121 2060 1163 2118 70
1191 2051 1245 2115 ubi
1269 2049 1350 2115 Grac

232 2179 343 2220 curram
367 2157 459 2242 signa
474 2158 560 2221 inter
576 2180 645 2221 sese
661 2176 851 2243 comparans
867 2156 945 2220 dicit
960 2159 1078 2241 „quise
1096 2205 1104 2221 .
1120 2155 1350 2240 non'intellegil

233 2259 375 2325 Canachi
404 2263 495 2348 signa
525 2261 678 2346 rigidiora
701 2281 769 2324 esse
797 2284 892 2346 quam
914 2266 952 2325 ut
974 2263 1142 2326 imitentur
1168 2261 1348 2326 veritatem?

234 2365 409 2430 Calamidis
440 2367 520 2430 dura
552 2365 606 2428 illa
636 2365 765 2448 quidem
795 2367 852 2431 sed
883 2369 990 2429 tamen
1019 2367 1165 2431 molliora
1188 2389 1283 2450 quam
1311 2365 1337 2432 C

233 2471 342 2535 nachi:
381 2470 524 2534 nondum
551 2469 701 2554 Myronis
733 2471 811 2534 satis
824 2515 827 2520 ι
842 2470 884 2534 ad
913 2471 1085 2534 veritatem
1114 2472 1269 2546 adducta,
1306 2473 1318 2534 i

232 2583 342 2640 tamen
364 2595 445 2660 quae
467 2598 531 2639 non
554 2573 682 2640 dubites
704 2574 817 2661 pulcra
839 2577 976 2641 dicere.“
1021 2575 1118 2640 Unde
1140 2575 1284 2661 adparet,
1309 2578 1340 2662 ip

214 2679 385 2746 -Ciceroui
410 2681 466 2763 qui
488 2682 591 2744 totam
619 2680 688 2746 fere
709 2683 862 2746 Latinam
884 2682 1110 2765 antiquitatem
1139 2681 1280 2745 studiose
1305 2683 1336 2746 la

148 2815 149 2820 ¹
233 2787 311 2849 dare
333 2785 433 2862 solet,
461 2785 600 2868 aliquem
624 2787 810 2872 scrupulum
833 2787 979 2852 iniecisse
1007 2770 1084 2851 belli
1103 2786 1218 2851 Punici
1245 2790 1336 2871 poesi

217 2889 333 2954 Recte
355 2910 483 2972 quoque
504 2887 680 2955 Diomedes
689 2894 715 2974 3)
742 2891 912 2967 iudicavit,
943 2892 1012 2975 qui,
1036 2899 1134 2975 quum
1157 2890 1258 2966 dicat,
1286 2914 1332 2978 ep

232 2993 386 3060 Latinum
417 2994 557 3080 primum
585 2995 682 3081 digne
710 2996 875 3082 scripsisse
897 2996 1054 3072 Ennium,
1084 2995 1211 3060 silentio
1236 2997 1303 3060 indi

232 3098 392 3165 Naevium
415 3122 480 3164 non
502 3100 668 3188 itardigne
690 3101 864 3186 scripsisse.
911 3099 978 3166 Sed
998 3099 1128 3166 deficiat
1150 3100 1224 3166 licet
1242 3123 1293 3164 ars
1320 3128 1339 3168 o

232 3205 345 3280 nandi,
380 3205 463 3271 duae
494 3205 606 3270 saltem
637 3227 689 3270 res
720 3227 840 3290 eaeque
867 3207 985 3272 summi
1015 3205 1170 3270 momenti
1191 3206 1346 3272 laudanda

234 3313 312 3395 sunt
333 3310 366 3372 in
387 3307 503 3374 Naevii
532 3311 672 3376 carmine
694 3333 809 3398 nempe
831 3311 918 3396 quod
940 3311 1080 3376 Naevius
1102 3302 1353 3410 primus'patriat

233 3436 286 3478 res
309 3415 449 3480 carmine
471 3417 654 3501 composuit
677 3419 710 3481 et
733 3417 821 3499 quod
842 3416 1007 3502 ingeniose
1029 3419 1132 3480 totam
1149 3417 1278 3504 digessit
1302 3413 1353 3504 md

232 3519 348 3584 teriam
376 3524 415 3584 ut
441 3543 542 3584 unum
577 3542 706 3587 carmen
740 3519 932 3586 efficeretur.
989 3519 1159 3614 Qudquid
1192 3522 1271 3587 enim
1306 3515 1353 3624 virt

233 3624 323 3690 docti
361 3625 582 3691 disseruerunt
618 3625 659 3690 de
694 3626 823 3712 poetica
863 3629 920 3690 aut
954 3623 1104 3692 ubertate
1137 3629 1196 3694 aut
1227 3627 1331 3694 orbita

234 3800 473 3811 ——.———a

306 3889 325 3949 ¹)
344 3889 376 3940 cl.
395 3890 468 3940 Pauli
489 3904 543 3940 auc.
562 3890 664 3940 reale.
682 3907 706 3940 v.
725 3890 844 3942 Naevius.
872 3877 901 3926 -'-
928 3889 949 3952 ¹)
974 3887 1010 3942 Ib
1024 3907 1049 3956 p.
1069 3897 1128 3942 898.
1155 3891 1344 3944 Winkclmannu

234 3979 366 4040 (Wilkius)
385 3978 411 4028 in
429 3992 504 4028 novv.
524 3993 582 4028 anu.
605 3983 671 4028 18³8
691 3978 773 4042 suppl.
792 3978 820 4028 11
837 3993 862 4042 p.
883 3981 934 4029 559
953 3993 1097 4031 sermonem
1115 3995 1216 4044 quoque
1239 3981 1334 4031 duriore

121 4083 129 4094 ·
235 4081 310 4131 quam
330 4067 406 4116 Ennii
424 4066 504 4116 luisse
523 4065 592 4115 dicit.
613 4090 645 4101 -
665 4065 687 4126 ⁸)
705 4079 730 4129 p.
749 4069 801 4116 480
820 4065 848 4114 Ρ.
