2712 4630
697 188 907 282 AL-

233 397 300 463 puo
323 375 464 461 quodam
487 397 597 441 amore
618 373 761 460 amplexi
784 365 879 448 suntss
907 374 954 438 sic
975 373 1083 438 etiam
1113 371 1233 456 Naevii
1258 370 1330 462 lubuit

235 485 441 558 tractarunt3'
457 481 515 546 sed
536 478 695 546 nescimus
717 500 911 564 quemquam
933 479 1004 544 illas
1028 480 1202 564 perpetuo
1229 493 1330 562 comme

235 588 320 653 tario
348 587 540 652 instruxisse
568 606 667 669 quum
697 583 822 670 glossas
857 583 962 650 solum
990 583 1182 670 explicasse
1216 583 1330 654 videant

234 715 315 779 quaa
337 715 410 758 cum
434 691 569 756 alior'um
593 691 788 776 scriptorum
811 689 926 776 glossis
955 690 988 754 in
1010 711 1123 754 unum
1145 688 1266 754 librum
1289 687 1330 756 ol

235 800 362 884 gerunt.
385 798 496 878 Atque
518 796 565 860 sic
586 795 649 858 iam
666 799 741 860 ante
755 795 936 862 Varronem
952 795 1198 880 grammaticos
1213 793 1330 859 Naevia

234 899 351 968 fabulis
372 920 447 964 usos
470 921 556 976 esse,
585 899 750 986 colligitur
771 923 813 966 ex
832 900 990 967 Varronis
1019 900 1190 985 verbis21)
1223 897 1330 976 ‚,Naerir

234 1008 267 1071 in
288 1005 476 1073 Demetrio:
499 1005 691 1090 ‚,persibus“
710 1028 731 1071 a
746 1003 909 1092 „perite“;
931 1006 1043 1090 itaque
1060 1005 1127 1072 sub
1146 1006 1212 1072 boc
1225 1003 1330 1092 glossar

235 1109 393 1188 ‚,callidc“
412 1109 656 1176 subscribunt.“
1330 1109 1331 1180 l

323 1213 435 1294 Quum
470 1214 673 1300 Charisiusl)
709 1215 812 1280 dicet:
857 1214 1037 1292 „Efflictim
1120 1263 1131 1280 .
1172 1181 1331 1292 Naeviusl

235 1317 438 1414 Corollaria.
457 1369 465 1386 .
482 1369 490 1386 .
514 1319 570 1386 ubi
585 1321 714 1386 Probus
729 1341 832 1404 usque
854 1320 1004 1386 donicum
1020 1320 1219 1408 affligatuff‘
1240 1299 1331 1516 nom&

234 1426 308 1491 inde
338 1426 529 1493 concludere
556 1425 745 1515 voluerunt,
784 1425 950 1492 Valerium
977 1425 1133 1506 Probum
1165 1425 1278 1492 Naevii

66 1559 68 1572 ·
158 1537 164 1544 ’
233 1532 395 1598 rollariam
418 1533 552 1618 proprio
574 1532 803 1598 commentario
826 1531 1012 1618 explicasse,
1035 1533 1097 1598 sed
1112 1537 1207 1598 recte
1229 1529 1309 1596 Smin

233 1659 290 1700 rus
301 1641 326 1719 ³)
357 1635 602 1711 animadvertit,
639 1637 809 1702 verisimile
839 1659 926 1711 esse,
957 1635 1109 1703 Probum
1138 1639 1175 1702 in
1205 1529 1331 1702 masnil

232 1739 323 1805 libris
345 1741 565 1825 grammaticis
587 1742 735 1828 attigisse
757 1742 861 1808 solnm
884 1741 970 1807 hunc
990 1742 1121 1819 locum,
1153 1743 1331 1824 idemqueu

232 1844 297 1910 lere
319 1845 366 1910 ait
388 1845 429 1911 de
449 1844 607 1912 Prisciani
628 1847 737 1932 locut)
757 1849 814 1914 ubi
836 1849 921 1916 idem
936 1845 1067 1914 Probus
1082 1849 1250 1934 glossema
1263 1837 1330 1910 Naevi

232 1949 339 2016 verbis
362 1949 588 2039 subscripsisse
609 1953 739 2020 dicitur.

320 2056 440 2120 lisdem
463 2058 682 2143 grammaticis
708 2061 742 2122 et
764 2057 935 2144 prologum
957 2057 1211 2124 Ac'ontizomeni
1240 2059 1271 2120 et
1293 2069 1329 2115 cu

232 2160 376 2247 prologis
406 2159 533 2228 Graeca
561 2161 745 2229 fabularum
776 2163 906 2226 nomina
936 2185 1020 2248 quae
1049 2187 1122 2230 rem
1153 2164 1287 2248 aliquam
1307 2175 1329 2217 el·

231 2267 378 2352 primunt
415 2265 532 2332 debere
569 2287 629 2330 nos
658 2267 773 2344 cred0;
815 2288 914 2352 quum
943 2269 1028 2332 enim
1059 2268 1262 2355 inquirerent
1286 2277 1329 2345 qut

160 2399 165 2409 ·
231 2368 357 2436 fabulas
386 2368 530 2436 Graecas
565 2373 681 2457 poetae
711 2372 821 2437 Latini
851 2373 1100 2459 expressissent,
1144 2371 1275 2440 Graecis
1303 2383 1329 2427 ul

232 2473 371 2539 minibus
392 2474 513 2542 Latina
542 2474 596 2540 illa
625 2479 723 2562 atque
755 2478 894 2562 genuina
929 2481 1182 2561 extruserunt.⁵)
1233 2467 1330 2540 lamia

230 2577 294 2645 fine
339 2580 434 2646 hunus
472 2579 652 2666 prohoemii
694 2583 840 2668 ipsorum
869 2587 1022 2648 -veterum
1058 2583 1182 2650 iudicia
1219 2581 1258 2645 de
1290 2577 1330 2638 erl

230 2685 407 2752 dramatico
421 2683 534 2750 Naevii
550 2685 723 2751 adferenda
737 2691 823 2752 sunt.
868 2687 922 2752 De
942 2687 1120 2774 tragoediis
1136 2688 1259 2754 nullum
1273 2677 1329 2746 eall

230 2789 451 2854 testimouium
474 2792 562 2874 quod
583 2791 625 2856 de
651 2791 775 2858 Naevio
802 2792 873 2858 solo
894 2798 1006 2878 aperte
1028 2794 1106 2877 quid
1138 2794 1271 2864 diceret;
1298 2777 1332 2845 etl

229 2893 308 2978 quid
330 2894 371 2958 de
392 2895 430 2958 iis
452 2897 609 2960 senserint
632 2899 756 2961 veteres
786 2919 827 2961 ex
849 2897 974 2962 iudiciis
1002 2897 1227 2964 communibus
1249 2883 1332 2970 colligi

176 3083 179 3089 Ι
230 3001 300 3076 turj
339 3021 422 3084 quae
452 3021 552 3083 quum
586 3004 733 3086 tempore
776 3001 1015 3088 elegantissimo
1043 3003 1176 3090 prolata
1205 3001 1268 3066 sint
1291 2987 1332 3057 11⁰¹*

228 3108 365 3191 possunt
391 3108 479 3169 recte
500 3104 644 3191 intellegi
672 3107 734 3172 nisi
756 3106 818 3172 boc
840 3128 967 3192 semper
987 3109 1020 3172 in
1043 3110 1150 3174 animo
1178 3107 1329 3172 retinemus

229 3231 299 3274 esse
327 3199 387 3275 illa‘
410 3213 556 3296 tempore
586 3211 663 3276 data
692 3234 757 3296 quo
786 3213 867 3277 adeo
889 3213 952 3277 iam
975 3207 1067 3278 novis
1088 3213 1187 3278 rebus
1214 3205 1328 3292 assuant

151 3313 153 3322 ’
227 3313 349 3380 fuerint
371 3335 465 3378 aures
488 3319 525 3379 ut
549 3316 666 3380 mirum
688 3317 756 3382 fere
777 3318 820 3382 sit
849 3317 903 3381 illo
926 3322 1162 3406 temporetam
1185 3315 1292 3382 leniter
1308 3302 1329 3364 dl

228 3418 335 3506 poetis
364 3419 527 3484 veteribus
558 3413 843 3488 esse'iudicatum.
890 3422 1032 3488 Velleius
1063 3425 1148 3490 enim
1169 3409 1328 3490 Paterculu

227 3523 321 3590 dicit:
367 3522 458 3601 „Nisi
491 3547 606 3612 aspera
635 3529 669 3592 et
697 3529 794 3592 rudia
823 3532 953 3614 repetas
980 3533 1014 3592 et
1047 3529 1167 3595 inventi
1201 3511 1330 3591 laudendl

227 3629 355 3694 nomine
370 3629 403 3694 in
418 3629 513 3695 Attio
536 3632 684 3715 circaque
706 3653 779 3696 eum
795 3632 963 3718 tragoedia
986 3637 1075 3709 est,“
1099 3632 1186 3719 quod
1205 3623 1327 3693 iudicium

226 3735 288 3799 etsi
309 3733 549 3800 acerbissimum
574 3739 641 3812 est,
671 3735 792 3800 inventi
815 3743 923 3802 temen
949 3737 1079 3802 laudem
1102 3734 1261 3803 veteribus
1281 3741 1329 3790 col*

299 3983 318 4040 ¹)
337 3982 370 4031 ue
386 3981 403 4031 1.
422 3981 439 4030 1.
461 3983 485 4043 7,
506 3983 563 4032 107.
589 4007 620 4018 -
647 3982 711 4045 ηρ.
734 3987 782 4033 rsa
801 3983 834 4032 K.
862 4009 894 4021 -
920 3985 942 4046 ⁸)
960 3985 1018 4036 blaa
1043 3987 1098 4037 orie.
1123 3984 1203 4037 renel.
1225 3981 1275 4030 tas
1291 3972 1328 4028 Il

224 4071 266 4118 59.
287 4093 320 4105 -
339 4069 363 4129 ⁴)
380 4083 405 4134 p.
427 4071 477 4116 906
496 4067 526 4117 P.
545 4094 578 4104 -
597 4069 620 4129 ³)
639 4068 672 4119 ct.
690 4069 796 4121 Bitschl.
816 4086 841 4137 p.
864 4075 914 4122 lut
933 4083 959 4124 et
975 4088 1000 4138 p.
1024 4079 1080 4124 146.
1101 4099 1134 4112 ·-
1153 4075 1176 4133 θ)
1197 4075 1219 4129 l,
1238 4067 1274 4116 1⁷·
