2712 4630
751 187 791 248 aa

204 373 438 460 Fragmentum
461 373 542 438 nihil
557 373 643 438 aliud
665 395 762 458 quam
777 373 941 462 Fulgentii
963 378 1180 440 commentum
1204 397 1282 442 esse
1304 355 1346 442 vil

204 479 308 555 detur,
333 479 388 564 qui
411 501 510 563 quum
533 480 729 550 meminisset
750 481 783 543 in
805 479 913 544 Plauti
937 477 1086 563 Casina1)
1106 481 1169 568 legi
1192 483 1338 569 „sculpo

204 593 304 649 neae“
326 587 361 648 et
383 585 570 662 „batuere“,
594 583 678 649 hunc
707 607 836 650 versum
858 585 965 660 finxit,
1001 585 1115 650 deinde
1144 590 1267 673 poetae
1290 589 1338 652 ali-

204 689 294 754 cuius
333 689 522 773 fabulaeque
558 711 674 754 nomen
713 691 884 777 adscripsit
921 695 960 753 ut
996 691 1123 755 doctior
1159 692 1336 758 videretur.

203 795 403 882 Philempori
437 815 552 858 nomen
582 793 711 860 finxisse
740 795 869 860 videtur
896 817 935 859 ex
965 795 1161 861 Philemonis
1182 795 1336 886 Ἐμπόρῳ

204 887 459 984 quam'Plautue
474 899 659 964 Mercatore
681 902 848 987 expressit.
881 899 1016 966 Summo
1037 900 1107 966 iure
1129 901 1331 980 Ribbeclrius,

100 1051 107 1070 .
203 1005 244 1070 de
262 1004 421 1070 nebulone
442 1004 617 1090 Fulgentio
639 1005 718 1070 nihil
741 1009 886 1070 moratus
908 1004 1050 1070 fabulam
1073 1007 1190 1072 omisit.

460 1201 644 1286 XLVIII.
707 1201 1071 1287 PHOENISSA'E.

273 1358 305 1408 cl.
324 1359 446 1408 Ribbeck.
466 1373 530 1408 com.
549 1359 593 1410 rel.
612 1376 637 1424 p.
657 1365 716 1409 225.

289 1494 408 1562 Festus
420 1499 461 1578 2);
501 1495 667 1582 Scriptum
677 1501 702 1580 ³)
733 1501 781 1572 eet
808 1498 958 1584 id'quod
978 1499 1010 1561 in
1032 1497 1231 1584 palustribus
1253 1497 1328 1564 locis

202 1603 346 1666 nascitur
365 1600 434 1665 leve
456 1602 490 1665 et
511 1623 683 1687 procerum
705 1603 790 1668 unde
804 1606 929 1689 tegetes
951 1602 1325 1669 liuntlInniuePlautue

202 1705 326 1778 Novius
347 1707 380 1769 in
402 1705 605 1770 Phoenissis:

361 1809 484 1890 „Sume
506 1834 596 1876 arma
616 1813 680 1876 iam
696 1816 729 1878 te
751 1813 894 1878 occidam
917 1813 1008 1879 clava
1029 1815 1174 1902 scirpea“

202 1917 362 2008 Miillerus
389 1917 450 1983 hoc
478 1917 549 1984 loco
575 1917 689 2012 Naevii
717 1941 834 1984 nomen
863 1919 954 1983 dedit
975 1920 1134 2005 probante
1154 1919 1320 2002 Hertzicb.

203 2022 271 2090 Sed
291 2025 379 2090 recte
405 2023 637 2104 Welckerue⁵)‚
666 2021 938 2110 adstipulantibus
960 2024 1180 2090 Klnesmanno
1201 2030 1238 2090 et
1259 2025 1322 2092 Rib

203 2127 325 2204 beckio,
347 2129 450 2210 tuitus
473 2133 523 2193 est
545 2129 663 2194 codicis
686 2128 866 2197 lectionem.

291 2233 497 2318 Quamquam
520 2235 603 2327 enim
626 2238 659 2298 et
682 2231 819 2298 Strattis
845 2238 878 2299 et
897 2232 1129 2323 Aristophanes
1152 2219 1325 2302 comoedias

185 2340 396 2406 Phoenissae
433 2338 630 2422 scripserunt
662 2338 859 2420 (comoediae
889 2341 972 2419 enim
1000 2344 1088 2406 certe
1114 2341 1327 2428 fragmentum

202 2447 349 2510 nostrum
371 2445 445 2525 eet),
468 2445 587 2521 tamen,
611 2446 649 2508 ut
670 2444 787 2509 iamin
810 2444 998 2531 prohoemio
1022 2447 1171 2522 diximus,
1194 2447 1329 2512 Romani

203 2549 359 2614 eiusmodi
380 2548 530 2612 ridiculae
553 2551 793 2636 tragoediarum
816 2550 978 2615 versiones
1008 2555 1095 2616 certe
1121 2573 1187 2616 non
1212 2551 1329 2616 intelle-

201 2657 340 2743 gebant,
375 2653 564 2740 priusquam
597 2655 684 2742 ipsas
718 2655 900 2742 tragoedias
934 2656 1095 2722 viderunt.
1156 2655 1210 2722 Sic
1244 2657 1327 2721 licuit

200 2760 307 2827 Novio
328 2759 522 2826 Phoenissae
545 2761 683 2826 scribere
705 2783 804 2845 quum
827 2762 940 2825 Attius
963 2762 1185 2848 cognominem
1207 2764 1330 2849 tragoe-

201 2865 304 2942 diam,
339 2863 497 2929 Eculcum
529 2865 668 2953 fortasse
695 2887 796 2950 quum
827 2865 968 2932 Naevius
997 2866 1128 2952 Equum
1155 2867 1329 2932 Troianum

201 2970 390 3057 scripsisset.
437 2967 491 3036 Sic
518 2969 656 3035 fortasse
685 2971 771 3035 idem
798 2969 922 3036 Noviue
951 2972 984 3036 in
1005 2971 1121 3038 Macco
1150 2971 1244 3038 exule
1266 2973 1331 3039 Me-

200 3076 293 3142 deam
323 3075 466 3153 exulem,
488 3078 578 3140 Atta
591 3077 625 3140 in
647 3076 769 3161 Tirone,
793 3075 1016 3164 proficiscente
1036 3077 1214 3142 Hectorem
1239 3080 1346 3164 profi-¹

200 3182 371 3248 ciecentem
394 3184 469 3246 ante
492 3181 602 3246 oculos
629 3180 757 3260 habuit3
792 3181 849 3247 sed
877 3181 1019 3270 si‘nnlla
1048 3182 1215 3269 tragoedia
1245 3207 1346 3270 prae-2

51 3302 55 3315 '
127 3311 129 3314 ·
200 3290 340 3354 cesserat
362 3287 483 3351 comica
505 3287 691 3374 tragoediae
712 3289 816 3352 versic
838 3286 916 3350 nihil
939 3287 1068 3352 omnino
1090 3287 1229 3352 valebat.

289 3389 388 3471 Quod
418 3391 496 3457 dicit
524 3391 760 3483 hadewicusff),
784 3416 824 3459 ex
845 3391 956 3457 Plauti
980 3392 1126 3458 Poenulo
1139 3391 1164 3480 ⁷)
1191 3391 1332 3460 fortasse

200 3499 291 3584 sequi
313 3502 350 3563 ut
373 3519 486 3562 eorum
508 3497 699 3562 sententiam
722 3495 968 3584 comprobemus
990 3499 1046 3582 qui
1066 3499 1214 3564 statuunt
1230 3498 1333 3567 Phoe

199 3605 303 3670 nissae
324 3602 438 3668 Naevii
459 3601 558 3668 firisse
578 3603 799 3690 tragoediam,
828 3603 899 3689 ipse
920 3602 1084 3680 concedit,
1113 3625 1182 3668 ecee
1203 3602 1268 3671 hoc
1293 3609 1334 3672 di-

201 3731 272 3775 cero
294 3731 367 3773 cum
389 3709 598 3794 granotsalis,
622 3731 722 3794 quum
744 3707 814 3772 fata
829 3705 948 3794 Oedipi
971 3709 1004 3772 et
1027 3707 1067 3773 ab
1084 3708 1243 3800 alterutro
1263 3714 1334 3778 reli·

201 3837 338 3899 quorum
360 3811 563 3900 tragicoinm-
579 3813 713 3880 tractari
733 3813 910 3900 potuerint.

177 4038 179 4046 s
274 3994 293 4055 ¹)
312 3993 347 4055 11,
366 3999 390 4054 8,
410 3999 451 4043 58.
470 3993 550 4054 —'¹)
569 4007 594 4056 p.
613 3997 665 4044 380
682 3992 720 4042 M.
739 4017 772 4028 -
800 3992 822 4052 ⁸)
840 3992 897 4056 lege
920 4005 979 4044 oum
1002 3991 1125 4043 Mulier-o:
1149 3991 1280 4058 Schpam.
1304 3957 1346 4044 -l

200 4083 223 4144 ⁴)
241 4098 265 4148 p.
286 4087 344 4132 aas.
373 4082 439 4144 -p
457 4095 482 4145 p.
504 4082 579 4131 raro.
600 4081 674 4141 -⁸)
693 4082 743 4132 An.
763 4079 805 4133 ee.
825 4095 849 4146 p.
872 4085 910 4130 rr.
931 4106 962 4117 -
983 4083 1003 4144 η
1025 4086 1047 4143 r,
1065 4085 1091 4144 a,
1111 4085 1221 4132 ar-ae.
1345 4065 1346 4118 i
