2712 4630
554 177 615 240 105

21 383 88 428 nov.
113 363 190 428 Lat.
220 363 257 427 in
279 362 319 428 A.
342 363 414 429 Mai
449 369 533 430 auct.
562 365 653 430 class.
676 364 771 441 vul,
803 369 845 429 54
873 364 968 430 Livio
997 367 1030 428 et
1051 363 1147 441 vlu,

22 475 80 534 372
100 466 224 534 Plauto
247 469 372 534 tribuit.
418 469 563 534 Isidorus
590 492 667 535 vero
697 471 833 536 eundem
857 491 1002 546 versum,
1030 467 1148 532 additis

23 575 156 658 quatuor
184 577 218 640 et
250 574 393 652 dimidio,
416 575 514 642 Ennii
543 576 671 642 nomine
693 575 808 662 adfert.
854 573 931 656 Qua
950 576 1040 640 inre
1062 577 1148 640 recte

22 677 118 744 Paulo
140 680 351 746 erediderunt
371 681 433 746 viri
455 681 552 759 docti,
576 703 675 765 quum
698 683 725 746 is
748 686 782 747 et
801 682 903 747 soleat
918 703 1029 746 verum
1044 679 1150 746 dicere

24 787 52 846 et
73 785 259 852 accuratius
281 809 378 870 quam
401 787 499 852 ceteri
519 786 648 851 fabulae
668 790 702 851 et
717 790 833 873 poetae
847 809 963 852 nomen
978 785 1148 852 addiderit.

24 887 259 974 Argumentum
292 891 420 958 fabulae
450 892 602 978 exposuit
627 891 823 958 Ribbeekius
834 895 867 978 ¹).
919 891 1149 957 Adulescentes

26 990 83 1056 duo
103 1016 177 1058 cum
201 998 342 1084 peregri5
365 997 513 1075 Tarenti,
542 999 575 1062 ni
596 997 706 1075 fallor,
736 1020 804 1064 rem
834 1003 1001 1084 paternam
1031 997 1150 1082 disper-

28 1096 103 1175 dant,
124 1100 294 1186 inproviso
317 1125 336 1165 a
358 1101 504 1188 patribus·
525 1093 693 1180 visuntur}
712 1103 843 1169 alterius
860 1105 961 1189 amica
975 1100 1151 1168 Tarentilla

27 1206 95 1266 erat.
139 1203 352 1291 Quamquam
376 1207 522 1292 equidem
546 1232 610 1273 non
632 1230 747 1274 censeo
771 1209 983 1292 Ταραντίνους
1006 1207 1150 1272 Alexidis

29 1307 181 1378 aNuevio
205 1334 278 1377 esse
300 1334 500 1399 expressam,
533 1318 641 1381 tamen
671 1313 805 1378 similem
836 1316 922 1376 certe
943 1310 1084 1376 fabulam
1106 1333 1151 1376 se

30 1417 136 1496 quutus
158 1419 221 1482 est.
268 1417 466 1504 Fragmenta
488 1422 592 1484 totam
612 1417 727 1485 Naevii
749 1421 851 1486 artem
875 1416 1063 1492 ostendunt,
1090 1438 1152 1480 ser-

25 1522 124 1584 monis
153 1523 345 1610 elegantiam
373 1527 470 1610 atque
497 1526 660 1612 vigorem,
694 1525 876 1612 ingeniique
905 1545 1017 1587 venam
1046 1522 1153 1608 benig-

25 1631 113 1700 nam;
147 1631 284 1716 apparet
312 1628 375 1694 hoc
402 1631 486 1694 enim
512 1654 553 1696 ex
575 1631 684 1697 multis
707 1629 983 1705 adliterationibus
1006 1650 1088 1713 quae
1109 1628 1152 1690 in-

25 1729 89 1794 vito
111 1736 226 1816 poetae
247 1733 408 1799 effluxisse
423 1735 574 1800 videntur
589 1717 627 1801 u't
642 1735 694 1824 lgt
717 1739 750 1801 l:
774 1735 910 1823 probavi
932 1732 1097 1822 plausibus
1112 1772 1151 1815 ·‘.

30 1854 128 1919 regem
150 1861 303 1926 rumpere
328 1879 367 1890 -
391 1844 524 1926 superat
545 1842 701 1918 servitus,
733 1844 767 1906 et
789 1864 829 1905 ex
850 1841 982 1906 vocibus
1004 1845 1154 1904 naturam
1276 1883 1281 1892 ·

30 1938 222 2009 imitantibus
245 1948 351 2021 ,attat
375 1949 487 2010 tatae“
508 1949 541 2011 et
564 1947 615 2023 „ei
637 1948 697 2012 ei“.
720 1941 809 2010 Nihil
829 1946 984 2011 habemus
1004 1945 1093 2030 quod
1114 1944 1155 2009 de

30 2042 80 2110 hac
93 2046 206 2117 fabula
223 2073 409 2118 moneamus
425 2055 553 2139 praeter
565 2051 790 2141 Mommseui2)
813 2075 963 2129 errorem,
987 2051 1041 2136 qui
1055 2072 1154 2136 quum
1277 2130 1280 2135 .

32 2151 116 2218 nimis
138 2157 305 2222 Romanas
338 2181 390 2225 res
420 2159 650 2244 quaereretis
671 2156 785 2240 Naevii
818 2159 1007 2234 comoediis,
1040 2156 1155 2221 statuit

32 2253 183 2326 Naevium
217 2260 399 2350 fragmento
433 2263 539 2350 primo
573 2265 678 2329 dicere
711 2266 833 2349 quanto
871 2263 913 2328 sit
947 2261 1156 2350 praeferenda

30 2369 136 2445 poetae
159 2369 227 2433 vita
249 2369 372 2435 Romae
400 2374 532 2456 peracta
560 2392 639 2455 prae
660 2369 714 2433 illa
736 2392 818 2454 quae
840 2371 979 2457 degatur
1000 2369 1032 2432 in
1055 2391 1155 2456 regno

31 2466 223 2554 Lagiuarum
246 2476 280 2538 et
303 2473 553 2540 Seleucidarum.
599 2475 832 2561 Fragmentum
855 2473 938 2539 enim
962 2478 1026 2539 est:

111 2576 228 2660 „Quae
250 2600 311 2665 ego
332 2579 365 2641 in
388 2578 517 2646 theatro
539 2579 591 2645 hic
613 2581 691 2644 meis
714 2577 850 2665 probavi
872 2579 1036 2664 plausibus

109 2681 161 2749 Ea
183 2709 247 2751 non
270 2683 387 2748 audere
410 2705 603 2769 quemquam
627 2706 736 2771 regem
758 2706 908 2772 rumpere

111 2785 244 2867 Quanto
266 2789 450 2854 libertatem
472 2789 554 2856 hanc
576 2791 627 2856 hic
650 2794 783 2877 superat
804 2791 976 2855 servitus.“

29 2887 115 2957 Haeo
137 2895 244 2972 verba,
268 2897 295 2960 si
312 2895 508 2960 Mommseni
531 2897 722 2962 sententiam
746 2896 918 2981 sequimur,
942 2894 1083 2982 intellegi
1104 2915 1156 2960 ne

32 3001 158 3077 queuut3
189 3005 286 3088 poeta
316 3002 400 3066 enim
429 2998 566 3067 fabulas
583 3024 641 3068 nec
670 3001 735 3066 suis
763 3000 928 3089 plausibus
957 3001 1075 3087 probat
1097 3023 1157 3066 uec

31 3097 63 3164 de
84 3101 236 3172 Romana
264 3106 420 3172 servitute
452 3106 541 3192 loqui
574 3110 693 3194 potest.
739 3107 856 3193 ltaque
884 3104 1051 3172 referenda
1081 3109 1156 3170 sunt

30 3209 120 3274 verba
143 3212 184 3276 ad
205 3212 276 3278 illos
297 3213 427 3278 iuvenes
450 3212 505 3297 qui
529 3212 650 3288 dicunt,
673 3203 749 3278 ¹sese
776 3211 870 3277 malle
898 3233 1007 3277 servos
1030 3233 1100 3276 esse
1123 3214 1156 3276 et

29 3307 156 3381 Tarenti
184 3315 278 3382 ludos
306 3319 447 3384 scenicos
478 3319 624 3404 spectare
651 3339 749 3401 quam
781 3339 854 3382 cum
883 3317 1031 3404 patribus
1052 3316 1175 3382 redire

29 3413 57 3480 in
76 3419 258 3488 libertatem
281 3445 344 3510 qua
366 3424 399 3487 in
420 3423 526 3510 patria
548 3416 612 3486 frui
634 3421 739 3487 liceat.

360 3597 449 3687 Lu.
500 3573 834 3688 rnoumous.

92 3723 123 3773 ol.
144 3723 268 3774 Ribbeck.
288 3739 351 3774 eom.
370 3725 415 3775 rol.
438 3739 462 3789 p.
485 3729 524 3774 19.

107 3825 202 3892 Hanc
223 3825 366 3892 fabulam
389 3829 622 3892 commemorat
637 3827 785 3910 Varross),
809 3848 873 3911 quo
897 3826 967 3892 loeo
984 3826 1054 3891 eod.
1066 3825 1155 3892 Flor.

27 3926 150 3997 exhibet
172 3931 396 4010 ‚‚thechnioo“,
421 3932 492 3998 cod.
517 3931 556 3996 B.
580 3931 754 4030 thammo·

29 4034 257 4052 κ’·-τ-υσ-

92 4073 111 4133 1)
130 4089 194 4124 com.
212 4076 256 4126 ru.
276 4039 303 4141 ps
323 4081 361 4126 rs.
381 4103 413 4113 -
433 4077 454 4138 Ι)
473 4074 501 4127 1¹³
516 4093 540 4140 p.
560 4079 619 4128 err.
639 4103 672 4112 -
692 4077 713 4138 ι)
731 4075 748 4125 1.
766 4063 829 4137 ct,
851 4078 907 4126 ror.
