2712 4630
563 155 605 216 55

83 339 164 408 Est
187 340 365 432 enim-hoc
386 340 557 428 proprium
589 341 737 428 trilogiae
765 345 806 410 ut
835 343 988 429 continuo
1010 351 1151 430 quatuor

11 449 163 512 ramata
184 449 334 532 agantur,
358 447 499 532 spatium
521 447 623 532 igitur
645 447 804 524 octofere
824 447 976 514 horarum
992 449 1150 528 eiusmodi

11 551 80 616 ldie
116 550 359 620 conterebatur.
374 556 399 638 1)
443 549 527 632 Quis
556 555 666 618 autem
697 554 860 639 putaverit
889 554 1056 620 Romanos
1083 556 1148 620 iam

11 655 45 722 lo
73 659 237 744 tempore
258 658 442 744 tragoedias
465 679 503 722 eo
526 657 636 724 studio
657 664 820 744 spectasse
846 661 884 724 ut
909 659 970 724 bo'c
992 660 1149 746 temporis

11 763 154 846 patium
183 763 217 826 in
248 761 377 828 theatro
413 761 597 840 maneronta
645 764 721 847 quin
751 787 791 830 ne
821 769 974 852 poterant
1016 767 1148 850 quidem
1203 789 1211 795 ·

13 889 106 932 ιιιιιιι
141 867 305 954 plerique,
338 870 378 932 ut
406 868 485 932 satis
513 872 659 946 constat,
694 870 821 936 starent
854 869 908 934 illo
939 874 1086 956 ternpore
1114 871 1148 936 in
1247 893 1252 908 ι

11 941 158 1045 beatro;
187 972 293 1036 standi
323 976 432 1038 autem
460 972 633 1040 difficultas
664 973 828 1039 dimidiam
858 974 1021 1062 trilogiam
1052 977 1150 1041 inter:

11 1078 163 1162 upisset
169 1081 193 1159 2)
232 1076 404 1144 Contendo
427 1079 526 1182 igitur
548 1079 650 1145 nullas
670 1078 816 1166 trilogias
832 1081 984 1145 continuo
992 1083 1148 1170 tempore

11 1180 61 1245 lla
93 1186 200 1248 aetate
229 1204 299 1248 esse
329 1188 427 1250 actas
477 1173 630 1252 Diversis
656 1203 733 1252 vero
770 1185 970 1272 temporibus
1001 1183 1148 1250 Graecae

11 1285 163 1373 rilogiae
193 1291 302 1374 partes
332 1290 385 1376 agi
415 1311 479 1354 non
509 1313 552 1376 po
554 1293 671 1354 t.erant
723 1291 839 1375 ltaque
868 1290 1015 1354 nullast
1000 1289 1147 1376 trilogias

11 1389 154 1458 iaevius
176 1394 323 1480 scripsit,
351 1417 450 1479 quum
481 1395 608 1464 fabulas
630 1399 838 1482 componeret
861 1417 943 1480 quae
973 1399 1148 1480 agerentur

11 1519 69 1562 ιοιι
96 1520 183 1583 quae
202 1498 399 1584 legerentur.
445 1500 652 1586 Quamquam
675 1499 737 1568 hoo
758 1521 823 1566 non
846 1521 948 1586 nego,
972 1522 1012 1564 ex
1033 1498 1147 1566 iisdem

11 1602 134 1688 nythis
157 1605 253 1670 variis
275 1606 478 1691 temporibus
500 1607 604 1673 varias
628 1605 754 1672 fabulas
769 1605 898 1671 haurire
913 1628 986 1671 eum
1003 1605 1148 1691 potuisse

11 1730 91 1792 [uae
131 1730 201 1774 sese
240 1713 393 1796 tanquam
424 1713 626 1800 exciperent3
664 1733 803 1796 namque
837 1712 883 1776 sic
913 1714 947 1776 et
974 1711 1147 1830 pueritiam

11 1812 327 1910 adolescentiamque
347 1816 542 1883 Romulit
509 1822 542 1883 et
565 1819 634 1882 eius
663 1821 849 1905 provectam
880 1819 1021 1881 aetatem
1051 1815 1148 1880 variis

11 1903 131 1984 iabulis
157 1943 177 1984 a
206 1919 329 1985 Naevio
357 1921 535 1988 celebratas
566 1945 635 1988 esse
658 1923 826 1998 existimo,
861 1921 901 1985 de
923 1943 989 2004 qua
1018 1942 1054 1985 re
1075 1919 1149 1984 vide
1225 1917 1227 1922 ’

11 2043 93 2106 luae
125 2025 168 2091 ad
199 2021 420 2102 „Alimonium
442 2027 535 2092 Remi
558 2031 591 2094 et
613 2027 768 2093 Romuli“
796 2024 1043 2112 disputabimus.
1089 2022 1148 2089 Ce

11 2135 117 2194 terum
148 2130 188 2195 ds
218 2133 458 2197 constructione
486 2131 668 2198 fabularum
697 2117 775 2197 nihil
805 2132 893 2197 videt
879 2135 934 2196 tur
964 2128 1148 2194 addendum

11 2255 82 2300 esse
104 2257 202 2320 quum
226 2235 409 2322 fragmenta
430 2225 525 2302 nimis
548 2239 722 2304 dilacerata
744 2239 798 2304 vix
821 2237 1004 2325 opinionem
1035 2235 1076 2300 de
1097 2233 1147 2300 his

11 2340 106 2405 rebus
130 2342 317 2407 admittant.
362 2343 437 2408 Hoc
460 2346 589 2407 tanturn
613 2349 702 2410 certo
725 2347 876 2430 apparet,
908 2341 1021 2408 Naevii
1045 2341 1148 2406 Acon-

11 2445 194 2512 iizomenon
216 2447 352 2534 prologo
368 2446 468 2513 inisse
489 2447 683 2514 instructam
705 2448 738 2512 in
753 2447 1061 2540 quofnominabatur
1076 2447 1149 2534 ipsa

11 2547 135 2616 babula-
149 2573 289 2630 necnon,
324 2555 362 2618 ιιι
390 2553 561 2618 verisimile
590 2557 657 2628 est,
697 2551 825 2619 Graeci·
843 2551 985 2618 auctoris
1007 2548 1146 2627 ¹nornen,

11 2654 128 2720 deinde
150 2655 284 2724 fortasse
306 2660 533 2744 argumentum
556 2657 694 2723 fabulae·
707 2656 939 2742 exponebatur.
986 2653 1052 2720 Sed
1068 2655 1148 2719 eius-

11 2759 102 2822 modi
126 2761 276 2848 prologos
298 2785 362 2853 ncn
383 2762 423 2828 ab
451 2765 523 2848 ipso
551 2767 648 2850 poeta
677 2761 843 2848 profectos
874 2783 944 2828 esee
971 2781 1146 2834 censemus,

11 2865 97 2948 quod
127 2867 211 2932 idem
241 2867 281 2933 de
309 2867 470 2933 Plautinis
498 2868 642 2955 prologis
671 2867 867 2934 Ritschelius
897 2866 1148 2950 luculentissime

11 2957 252 3038 demonstravit.
1055 2961 1057 2966 ,

92 3075 149 3140 De
186 3077 318 3162 canticis
358 3077 530 3143 Naevianis
567 3078 712 3162 loquitur
749 3077 877 3143 Marius
910 3075 1147 3156 victorinusc)

11 3177 125 3260 ,Quod
141 3203 219 3246 vero
234 3184 274 3246 ad
290 3184 449 3249 clausulas
472 3183 572 3248 idest
594 3183 773 3248 minuscula
794 3181 865 3247 cola
887 3181 1044 3266 pertinet,
1068 3181 1149 3265 quot

11 3306 127 3368 genera
149 3309 299 3352 versuum
324 3295 417 3364 sunt,
446 3287 583 3353 totidem
607 3309 719 3354 eorum
742 3285 887 3352 membra
907 3306 967 3374 pro
997 3284 1149 3351 clausulis

11 3392 84 3472 poni
106 3397 262 3478 possunt,
287 3397 320 3458 et
343 3393 448 3458 solent
465 3395 502 3457 in
526 3394 659 3458 canticis
682 3393 786 3479 magis
809 3413 906 3476 quam
929 3391 961 3456 in
984 3390 1147 3468 diverbiis,

11 3515 90 3578 quae
103 3509 152 3560 ‘ex
182 3484 337 3563 trimetris
368 3498 471 3584 magis
501 3497 700 3573 subsistunt,
733 3497 883 3563 collocari
912 3501 945 3561 et
975 3497 1149 3583 praecipue

11 3599 95 3684 apud
128 3600 284 3666 Plautum
323 3608 356 3669 et
389 3603 547 3670 Naevium
582 3607 616 3670 et
653 3601 858 3669 Afranium.“
925 3598 1052 3666 Cantus
1092 3599 1149 3684 qui

12 3723 244 3738 ...ι-,ἐ

80 3777 100 3841 ¹)
117 3779 237 3830 Momms.
256 3777 293 3832 1¹³
307 3796 332 3844 p.
352 3787 402 3832 865
430 3783 457 3832 in
481 3781 550 3832 Nota
568 3783 688 3847 exponit,
712 3780 798 3831 Plauti
822 3787 906 3829 aetate
930 3777 1036 3841 singulis
1059 3776 1158 3826 diebos.

11 3863 120 3928 singulas
137 3865 238 3918 tabulas
257 3883 313 3918 esse
332 3849 402 3920 actas
421 3870 520 3919 duabus
538 3870 608 3918 hou's
627 3877 653 3918 et
671 3869 783 3918 dimidia.
797 3893 829 3904 -
845 3866 867 3927 ²)
880 3865 966 3916 Etiam
983 3865 1085 3914 Horatii
1106 3879 1149 3914 ae·

11 3961 59 4004 tate
78 3955 151 4027 nimis
168 3955 273 4020 longam
293 3957 431 4007 ridebatur·
444 3959 465 4007 si
485 3967 594 4022 quatuor
605 3957 683 4006 horas
701 3956 819 4005 aulaeum
841 3953 1004 4018 premebatur
1031 3952 1064 4002 ei.
1083 3951 1149 4002 Hor.

12 4047 109 4106 ⁸1³9·2‚
130 4047 153 4104 l,
176 4045 232 4094 187.
252 4070 284 4082 -
305 4046 327 4108 ⁸)
347 4045 491 4096 duratione
507 4052 647 4095 metrorum
666 4059 691 4109 p.
710 4048 779 4094 2523
797 4043 826 4092 P.
