2712 4630
750 103 792 216 a

666 241 875 252 ...η-*-

523 397 700 484 xrnm.
762 347 1063 488 ansioni(

278 555 311 606 cf.
330 556 453 606 Ribbeck.
472 564 537 621 trag.
556 557 601 610 rel.
620 573 645 622 p.
666 559 688 608 7.
754 587 759 596 -

296 689 468 782 Gellius¹):
492 691 633 760 Naevius
653 695 687 760 in
708 694 878 780 tragoedia
898 693 1059 760 Hesiona:

252 795 324 875 „Ne
346 799 423 864 mihi
445 821 557 886 gerere
579 822 701 865 morem
722 799 833 866 videar
854 800 964 887 lingua
986 809 1096 866 terum
1115 796 1283 885 lingula“.

207 901 358 969 Eundem
380 926 510 969 versum
532 905 690 972 Varronis
713 907 812 972 menti
837 906 1045 972 obversatum
1073 925 1142 970 esse
1168 907 1285 969 censet
1303 900 1331 967 0.

208 1009 378 1075 Miillerus.
422 1009 566 1095 Varroa)
588 1013 673 1101 eqim
696 1012 791 1076 dicit:
822 1011 952 1090 „Multa
973 1009 1061 1098 apud
1084 1013 1199 1096 poetas
1225 1009 1330 1092 reliqua

208 1135 278 1180 esse
301 1114 398 1180 verba
420 1138 558 1200 quorum
581 1119 721 1204 origines
744 1117 870 1204 possint
893 1117 956 1196 dici
971 1139 1036 1180 non
1051 1115 1177 1194 dubito,
1202 1119 1245 1178 ut
1261 1111 1329 1200 apul

207 1215 364 1285 Naevium
398 1222 431 1286 in
454 1221 614 1288 Hesiona:
648 1223 831 1300 „enimvero
860 1221 960 1308 gladii
985 1221 1129 1308 lingula“
1155 1219 1216 1286 ubi
1248 1219 1327 1284 verbi

207 1327 391 1404 „enimvero
415 1327 535 1415 gladii“
557 1328 597 1394 ab
618 1329 796 1416 interprete
819 1328 926 1414 aliquo
949 1325 1089 1394 eGellio
1107 1327 1141 1391 in
1164 1325 1326 1412 marginem

209 1432 373 1519 adscripta
395 1438 429 1498 et
450 1437 567 1522 postea
588 1435 621 1498 in
643 1437 770 1499 textum
792 1435 963 1522 inrepsisse
985 1433 1145 1500 videntur.

222 1553 224 1560 “
296 1537 473 1604 Hesionam
491 1537 701 1624 tragoediam,
724 1563 789 1606 non
804 1539 1014 1616 comoediam,
1037 1536 1145 1614 fuisse,
1169 1540 1206 1602 ut
1223 1536 1324 1600 statuit

209 1641 431 1727 Welekerusss)
454 1665 527 1708 cum
547 1643 677 1721 Bothio‚
702 1645 845 1710 ostendit
864 1643 989 1711 Gellius
1012 1665 1207 1729 quamquam
1231 1641 1322 1707 Hesio

208 1768 284 1813 nam
306 1748 508 1834 tragoediam
530 1771 615 1815 nunc
635 1749 763 1834 quidem
786 1751 944 1816 nescimus
963 1751 1035 1835 quis
1052 1747 1254 1816 Graecorum
1263 1747 1313 1811 scri

207 1853 319 1940 pserit,
344 1854 541 1920 comoediam
563 1878 641 1921 vero
663 1855 833 1922 Alexidem
856 1855 1004 1921 docuisse
1025 1858 1117 1921 const
1138 1859 1162 1919 t.

272 1959 361 2026 'Res
384 1961 603 2048 maximopere
625 1961 707 2026 mira
729 1965 788 2037 cst,
812 1961 899 2047 quod
921 1960 975 2026 illo
998 1960 1155 2027 Varronis
1176 1960 1257 2036 loco,
1282 1955 1321 2022 ubi

208 2063 317 2152 plures·
351 2061 533 2132 Naevianae
563 2066 691 2132 fabulae
723 2066 924 2154 alphabetico
957 2066 1070 2132 ordine
1104 2067 1321 2132 enumerantur.

209 2175 303 2248 extra
315 2171 459 2237 ordinem
483 2173 516 2236 in
537 2173 630 2238 initio
653 2173 761 2259 posita
782 2176 831 2237 est
853 2173 1014 2250 Hesiona;
1038 2195 1095 2237 cur
1118 2173 1201 2238 enim
1224 2169 1322 2236 bellun

208 2269 367 2342 Punicum
387 2277 421 2340 in
434 2276 498 2342 fine
513 2281 729 2355 enumeretur,
752 2278 895 2366 adparet.
919 2277 1030 2364 Atque
1044 2277 1197 2343 Hertzius
1213 2260 1322 2362 quiden

136 2367 139 2372 ¹
208 2384 329 2458 censet,
352 2380 529 2447 Hesionam
551 2384 657 2470 primo
680 2382 751 2449 loco
774 2386 917 2471 positam
938 2383 979 2449 ab
1002 2384 1137 2468 aliisque
1158 2381 1270 2447 fabulis
1288 2401 1323 2443 se

209 2489 381 2574 gregalem
408 2509 477 2553 csse
500 2490 587 2575 quod
609 2485 778 2576 tragoedia
798 2487 907 2567 fuerit,
930 2490 1133 2574 insequentes
1156 2510 1231 2554 vero
1252 2485 1325 2551 labu-

208 2592 255 2658 las
286 2597 320 2658 et
349 2593 532 2660 comoedias
562 2598 595 2660 et
624 2600 809 2682 praetextas
839 2595 926 2661 nullo
956 2595 1138 2661 discrimine
1166 2594 1322 2681 permixta

209 2720 288 2776 esse,
320 2721 384 2784 qua
410 2701 444 2764 in
471 2723 507 2765 re
534 2701 615 2764 mira
637 2705 725 2766 certe
752 2705 838 2766 esset
859 2701 1017 2768 Varronis
1046 2702 1146 2778 ratio,
1175 2697 1325 2786 tragoedia

210 2805 294 2870 cuim
316 2805 379 2869 etsi
401 2808 594 2890 argumento
616 2829 636 2870 a
651 2807 824 2871 comoediis
847 2807 964 2883 differt,
988 2803 1106 2884 tamen,
1131 2803 1216 2891 quod
1236 2808 1323 2869 utrae

118 2967 121 2972 .
211 2931 272 2995 que
295 2931 315 2994 e
336 2907 463 2976 Graeco
494 2931 605 2974 versae
635 2915 720 2988 sunt,
750 2911 874 2976 facilius
905 2933 978 2976 cum
1005 2911 1177 2986 comoediis
1205 2909 1325 2997 conponi

209 3017 320 3104 potest
354 3039 450 3102 quam
484 3018 673 3105 praetextae
698 3019 789 3102 'quae
822 3038 881 3082 nec
910 3021 1102 3106 argumento
1131 3039 1189 3082 neo
1215 3017 1325 3102 origine

211 3121 450 3188 comoediarum
480 3123 655 3208 quidquam
684 3121 786 3188 simile
808 3119 936 3188 habent.
982 3124 1089 3188 Aliam
1119 3124 1215 3210 igitur
1242 3121 1325 3186 ratio

209 3248 283 3308 nem
304 3226 451 3314 indagari
474 3227 637 3293 debemus.
659 3228 760 3314 Apud
774 3229 955 3295 Varronem
976 3228 1068 3296 codd.
1085 3225 1125 3294 F.
1139 3227 1229 3296 ΘΗ.
1246 3228 1326 3292 omit

209 3335 287 3399 tunt
308 3333 342 3396 in
363 3331 492 3399 fabulae
513 3335 641 3400 nomine
662 3332 789 3400 literam
811 3335 832 3399 i
854 3335 1029 3422 leguntque
1051 3321 1227 3422 „esiona“'⁴)
1249 3333 1327 3420 apud

282 3531 302 3592 ¹)
320 3529 352 3580 N.
372 3531 406 3581 Α.
428 3534 468 3592 10,
487 3534 531 3608 25.1
549 3557 580 3566 -
608 3530 749 3593 ²)dol.l.
771 3534 925 3603 t,107.-
954 3532 1018 3596 ⁸)p.
1041 3533 1115 3580 1370.
1133 3556 1168 3566 —
1196 3531 1215 3592 ⁴)
1231 3530 1326 3580 Falsum

210 3619 335 3684 estquod
355 3617 416 3669 dicit
434 3617 600 3670 Forcellinius
624 3619 670 3668 sub
690 3621 725 3670 lit.
744 3622 769 3682 t,
787 3619 898 3670 Gellium
915 3619 947 3670 N.
965 3618 999 3669 A.
1019 3625 1043 3681 2,
1063 3625 1078 3668 3
1098 3619 1189 3680 dicere,
1206 3620 1326 3683 aspiratio

210 3723 268 3758 nem
288 3706 395 3771 Vergilii
415 3713 497 3757 aetate
516 3721 567 3756 non
585 3707 686 3758 solitam
706 3722 761 3758 esse
781 3707 860 3757 literis
886 3708 1001 3757 interseri
1025 3708 1070 3757 sed
1090 3703 1239 3758 Graecorum
1261 3721 1325 3756 more

209 3811 289 3860 snpra
306 3794 393 3846 literas
411 3795 528 3845 adscribi.
565 3795 663 3846 Gellius
688 3797 755 3845 enim
779 3795 848 3857 dicit,
871 3811 898 3846 se
922 3797 1016 3846 vidisse
1038 3794 1131 3844 librum
1155 3795 1325 3860 autographum

156 3906 158 3910 ·
210 3883 329 3948 Vergilii,
347 3885 377 3933 in
392 3889 446 3948 quo*
461 3899 537 3947 quum
555 3882 664 3943 ‚,Acna“
683 3884 805 3946 scriptum
823 3882 920 3945 fnisset,
944 3891 1035 3947 postea
1058 3883 1248 3948 suprascriptum
1264 3883 1294 3932 sit
1310 3885 1323 3929 l

209 3986 226 4021 a
243 3985 322 4022 nrsnu
340 3973 509 4032 correctrice,
527 3985 602 4028 narn,
620 3977 684 4020 tosto
704 3969 801 4034 Gellio,
827 3972 940 4023 ciusdem
957 3971 1067 4037 Vergilii
1092 3971 1180 4036 optimi
1200 3971 1251 4020 libri
1275 3971 1341 4022 uliol

208 4059 269 4110 loco
288 4061 396 4124 „aheni‘
416 4061 577 4111 exhibebant.
