2712 4630
550 175 713 258 se'

8 384 95 460 edit,
120 407 188 470 qua
208 407 245 458 re
266 406 366 470 quum
401 387 458 458 vix
489 384 674 472 intellegere
694 388 841 472 potuerit
869 407 968 455 noras
1000 388 1138 457 vocabu-
1209 422 1213 428 ·

8 513 105 554 num
143 489 369 566 formationes,
395 487 489 555 baec
523 490 593 556 laus
627 492 832 578 potissimum
871 493 914 558 ad
949 497 1137 579 praetextas

8 593 129 659 tbulas
150 593 320 671 referenda
341 580 401 660 est.
447 593 515 660 Nec
536 595 639 682 multo
661 596 755 666 aliter
777 597 818 662 de
840 601 949 663 vetere
969 601 1138 686 tragoedia

8 701 163 766 ensuisse
186 683 316 770 videtur
338 699 557 780 Quintilianus
568 697 595 787 1)
627 703 682 785 qui
703 702 810 788 ipsum
832 703 963 795 Attium
986 704 1136 788 quodam-

8 806 99 870 rodo
134 805 316 890 vituperat3
357 827 496 889 namque
531 805 573 870 de
606 804 749 872 Pacuvio
783 811 881 892 atque
913 809 1009 874 neno
1040 809 1135 874 dicit:

12 909 181 975 Ceterum
217 911 305 974 nitor
337 913 372 974 et
400 932 527 977 summa
556 911 589 975 in
619 911 800 976 excolendis
837 911 990 998 operibus
1023 935 1137 978 manus

8 1017 108 1101 nagia
129 1015 230 1080 rideri
253 1017 364 1100 potest
383 1015 584 1102 temporibus
615 1037 713 1101 quam
736 1016 815 1102 ipsis
837 1017 1010 1082 defuisser‘

96 1121 207 1204 ltaque
239 1120 265 1184 si
291 1110 425 1187 Horatii
458 1123 567 1186 aetate
601 1142 727 1194 summo
763 1120 872 1190 studio
907 1121 1138 1209 spectabantur

8 1228 131 1290 reterre
159 1225 346 1312 tragoediae
373 1225 407 1290 id
433 1227 540 1312 ipsum
568 1228 671 1312 magis
700 1226 903 1310 antiquitatis
934 1247 1030 1312 quam
1058 1231 1137 1294 artis

8 1353 118 1396 mussa
143 1330 266 1396 sactum
296 1353 365 1396 esse
392 1331 561 1414 videtur.²)
609 1329 676 1398 Sed
705 1332 748 1402 sit
776 1331 911 1398 dubium
942 1334 982 1398 de
1011 1332 1073 1398 hae
1102 1355 1138 1398 re

8 1436 173 1512 udicium,
197 1440 321 1502 eertum
344 1439 409 1514 est,
432 1434 591 1508 Naevium
613 1437 790 1523 tragoediis
812 1459 877 1502 non
900 1459 1050 1524 magnam
1072 1439 1137 1504 lau-

8 1539 76 1606 lem
101 1541 189 1627 apud
209 1541 373 1608 Romanos
401 1541 564 1640 meruisse.
616 1541 705 1622 Quin
727 1563 767 1608 ne
795 1541 977 1609 comoedias
1007 1543 1137 1628 quidem

8 1643 187 1712 laevianas
220 1669 360 1731 unquam
394 1648 554 1733 expressis
592 1646 698 1714 verbis
736 1645 884 1739 laudatas
924 1649 1137 1730 invenimusssp

8 1771 201 1836 puamquam
230 1751 293 1818 illis
314 1753 486 1838 praecipue
506 1750 627 1818 clarum
649 1751 774 1818 factum
796 1757 847 1818 est
868 1751 981 1821 Naevii
1011 1776 1137 1821 nomen.

90 1855 241 1941 Namque
269 1859 354 1922 inter
382 1858 521 1925 comicos
549 1880 569 1922 s
591 1856 742 1924 Volcatio
765 1855 931 1944 Sedigito,
964 1859 1034 1924 viro
1060 1860 1139 1924 anti-

8 1962 141 2044 quitatis
164 1963 411 2039 studiosissimo,
434 1963 584 2048 proximo
606 1961 678 2028 loco
699 1965 775 2048 post
792 1959 967 2028 Caecilium
990 1966 1024 2028 e't
1042 1963 1137 2028 Plau-

8 2083 74 2132 tum
98 2069 249 2154 ponitur,
272 2089 369 2152 quam
390 2089 476 2144 rem,
501 2090 564 2154 quo
587 2068 692 2134 utitur
713 2067 832 2154 ingenii
855 2067 1011 2143 acumine,
1034 2067 1139 2133 Lade·
1224 2099 1229 2104 ·

8 2172 138 2258 aicuse)
164 2173 212 2238 ita
234 2173 374 2260 explicat
396 2177 435 2240 ut
456 2173 643 2244 Volcatium
665 2173 885 2259 composuisse
913 2174 1038 2240 statuat
1065 2171 1140 2237 illos

8 2279 75 2342 tres
95 2284 209 2364 poetas
232 2279 370 2344 comicos
393 2279 448 2364 qui
471 2279 610 2346 maxime
632 2278 780 2364 propria,
805 2281 844 2341 ut
866 2278 912 2342 ita
934 2277 1054 2355 dicam,
1076 2276 1139 2343 Mi,

8 2404 102 2448 nerva
123 2384 320 2470 scripserint,
344 2384 462 2469 quique
484 2386 611 2448 servato
629 2381 774 2448 Graecae
796 2382 1138 2469 fabulacargumento,

8 2487 36 2551 in
68 2488 257 2575 explicanda
280 2487 391 2558 fabula
420 2510 545 2553 summa
566 2487 716 2553 libertate
740 2509 849 2552 scenas
879 2493 912 2552 et
939 2489 1138 2574 dempserint

8 2596 37 2656 et
54 2593 245 2660 addiderint.
289 2593 381 2659 Haeo
403 2593 510 2659 omnia
532 2594 559 2656 si
577 2589 840 2679 complentium
853 2594 886 2656 in
900 2579 1050 2657 omnibus
1071 2591 1140 2657 fere
1204 2636 1207 2642 ι

8 2691 114 2782 poesi's
136 2699 305 2783 generibus
326 2698 469 2764 Naevius
491 2696 687 2772 elaborasse,
714 2698 746 2761 iu
769 2696 918 2762 omnibus
941 2719 961 2762 a
983 2697 1138 2783 posterio-

8 2801 96 2867 ribus
112 2803 214 2868 victus
229 2802 514 2891 atqne‘superatue
538 2824 607 2868 esse
621 2803 760 2880 videtur,
783 2823 921 2886 namque
942 2802 977 2866 in
999 2802 1140 2866 carmine

8 2909 97 2994 spico
118 2908 195 2974 vicit
217 2931 291 2974 eum
306 2907 454 2998 Ennius,
483 2910 517 2973 in
539 2909 715 2995 tragoediis
737 2907 862 2972 Ennius
885 2907 1048 2992 ceterique
1069 2904 1139 2970 fere

8 3034 113 3078 ornnes
133 3014 168 3079 ia
188 3015 366 3100 praetextis
386 3013 547 3079 Pacuvius
575 3019 608 3079 et
634 3015 762 3089 Attius,
795 3013 829 3078 in
859 3013 937 3098 ipsis
964 3012 1139 3076 comoediis

8 3115 152 3184 Plautus.
200 3119 325 3184 Tamen
355 3137 482 3204 semper
511 3119 588 3184 satis
616 3119 720 3183 laudis
756 3121 872 3205 poetae
904 3115 1047 3182 manebit
1082 3116 1138 3200 qui

8 3225 126 3306 primns
153 3223 336 3289 Romanum
358 3246 501 3302 carmen,
528 3225 652 3311 primus
683 3223 863 3288 Romanam
891 3221 1034 3287 fabulam
1063 3223 1139 3286 scri·
1227 3247 1229 3251 ¹

8 3329 71 3410 psit
81 3331 106 3411 ⁵)
135 3328 272 3413 quique,
302 3349 385 3415 quae
415 3332 465 3394 est
496 3351 622 3394 summa
652 3330 768 3416 poetae
802 3327 891 3405 laus,
927 3327 1049 3412 ubique
1078 3326 1138 3392 fer·

78 3560 208 3622 ¹)1nstitt.
229 3560 310 3610 Oratt.
333 3564 372 3620 10,
395 3565 416 3620 1,
437 3561 478 3609 97.
497 3585 527 3596 -
542 3559 563 3621 ²)
581 3556 733 3610 Welclrerua
752 3574 777 3622 p.
794 3563 856 3608 1411
880 3559 1009 3608 concludit
1027 3573 1060 3607 ex
1072 3555 1136 3617 Hor.

9 3657 61 3711 epp.
82 3653 106 3708 2,
128 3653 138 3696 1
158 3647 272 3711 Augusti
290 3653 404 3712 tempore
422 3646 544 3712 populum
556 3647 699 3717 Romanum
718 3653 816 3696 veteres
835 3647 981 3709 tragoedias
993 3654 1045 3694 tam
1058 3645 1138 3694 liben-

9 3738 43 3782 ter
66 3740 196 3799 spectasse
219 3733 288 3798 qnod
311 3713 488 3784 recordaretur
512 3735 621 3784 amissas
641 3734 775 3784 libertatis.
812 3732 895 3785 Simili
917 3733 995 3782 modo
1019 3733 1137 3783 Sobilleri

9 3817 96 3872 laetam
114 3821 246 3872 saeculare
264 3822 348 3872 ideam
366 3823 495 3886 quandem
512 3822 643 3886 politicam
663 3803 792 3872 condners
811 3836 895 3884 nuper
917 3821 1044 3869 nonnullis
1068 3818 1138 3868 ride·

9 3903 85 3958 batur.
111 3935 143 3945 -
169 3911 191 3971 ο)
216 3908 249 3959 cl.
275 3909 401 3959 Ladewic.
428 3909 491 3960 Can.
511 3909 586 3959 Volo.
606 3910 665 3960 Sed.
691 3937 724 3945 —
750 3911 773 3971 ⁴)
793 3907 832 3958 ci:
850 3908 952 3958 Ladew.
978 3907 1041 3957 Can.
1062 3906 1136 3956 Volo.

10 3991 64 4045 Sed.
82 4010 107 4061 p.
123 4002 162 4046 11.
180 4023 216 4034 -
234 3998 256 4060 ⁵)
275 3997 435 4062 Quamquam
454 3999 572 4048 Donatus
591 3999 653 4048 dicit
669 3997 828 4061 tragoediam
846 4005 872 4044 et
889 3995 1047 4044 comoediam
1066 4001 1137 4059 toga·
1175 4059 1185 4070 ι

10 4089 55 4132 tarn
74 4084 155 4149 primo
173 4087 301 4136 invenisse
318 4086 417 4136 Livium
438 4086 621 4135 Andronicum.
