2712 4630
537 177 579 237 67

456 261 666 275 -—----........

9 365 137 448 lenique
156 363 211 428 alii
225 363 285 428 viri
300 363 389 430 docti
403 363 437 426 in
452 384 490 428 aa
504 385 540 428 re
554 365 770 441 consentiunt,
785 362 944 431 Naevium
966 365 1131 454 scripsisse

9 468 272 544 mdromacham‚
296 490 396 552 quum
411 489 489 534 vero
512 469 712 534 comoediam
730 491 843 557 sapere
862 470 1027 535 videretur
1046 470 1131 558 frag-

9 579 77 640 rent
77 598 149 652 um,
172 571 311 640 Bothius
327 595 349 660 e
345 573 532 640 tMunkius
546 596 602 658 qur
591 573 760 640 Graecas
775 575 959 662 tragoedias
975 599 995 640 a
1008 576 1131 642 Naevio

9 679 233 746 ncomoedias
255 700 370 744 versas
396 691 551 744 essenon
574 679 765 756 credebant,
798 679 904 748 Novio
933 680 1132 768 adscripsere

9 783 266 849 muromaoham.
298 781 421 848 Sedt
387 785 450 847 etsr
440 765 697 903 fragmentdm
720 783 836 862 fetam,
859 808 924 852 non
939 787 987 852 ita
1001 785 1132 872 elegans

9 889 84 954 iobis
98 888 261 954 videturt
246 891 356 953 tamen
370 887 450 952 nihil
464 890 553 953 vetat
572 889 651 972 quin
664 889 708 952 sit
724 879 895 976 tragicum,
921 913 1020 976 quum
1035 893 1134 977 poeta

9 995 84 1080 qnod
105 995 212 1060 dicere
233 993 347 1069 voluit,
375 995 436 1070 „nt
456 993 578 1059 bonum
599 993 766 1060 fructum“
788 1016 829 1060 ex
849 1017 940 1062 more
961 999 1134 1082 poetarum

9 1101 92 1184 parte
118 1097 247 1186 frugum
270 1085 474 1184 expresserit
519 1099 637 1182 Itaque
657 1120 852 1183 quamquam
883 1101 1004 1166 iterum
1027 1091 1135 1167 fateor

9 1225 61 1268 roc
79 1226 142 1268 non
164 1224 234 1269 esse
255 1202 418 1289 pulcrum,
448 1204 559 1267 tamen
587 1203 749 1288 tragicum
778 1225 848 1269 esse
870 1207 981 1291 potest
1002 1227 1061 1272 nec
1082 1227 1135 1272 ne

9 1329 84 1373 resse
106 1310 157 1373 est
178 1311 360 1373 statuamus
380 1330 497 1373 novam
518 1307 616 1373 Novii
635 1306 788 1373 fabulam.

81 1413 321 1479 Klussmannus
344 1433 444 1496 quum
460 1435 480 1476 a
493 1410 617 1477 Naevio
631 1411 699 1476 tres
722 1408 882 1478 Hectores
904 1413 1044 1499 scriptas
1066 1433 1136 1478 esse

9 1522 125 1584 censeat
147 1517 321 1582 haerese
343 1517 476 1604 perduci
505 1538 620 1604 passus
649 1521 700 1582 est
720 1520 759 1582 ut
781 1517 1043 1584 Andromacham
1065 1540 1136 1583 ean-

9 1623 68 1690 iem
102 1621 246 1687 fabulam
287 1643 356 1687 esse
397 1622 484 1688 dicat
523 1625 621 1707 atque
652 1623 831 1689 Hectorem
871 1623 1137 1711 proficiscentem.

9 1727 64 1794 ied
86 1729 128 1793 de
151 1726 213 1792 hac
232 1748 269 1792 re
290 1727 355 1791 iam
376 1730 472 1792 antea
494 1726 747 1814 disputavimus3
769 1726 980 1815 refragantur
1008 1751 1137 1814 quoque

10 1833 316 1917 lliHertzius1)et
341 1831 517 1897 Teuffelius
546 1853 742 1916 quamquam
770 1835 908 1918 uterque
931 1833 1077 1900 admittit
1098 1835 1137 1899 ut

9 1940 164 2004 mmoedia
185 1937 293 2004 fuerit.
1217 2023 1220 2031 Ι

85 2043 292 2128 Diintzerofl)
324 2042 380 2126 qui
401 2039 573 2106 defendere
595 2040 722 2106 studuit
744 2039 966 2128 fragmentum
988 2045 1138 2108 nostrum

9 2169 177 2234 congruere
200 2170 273 2214 cum
289 2146 455 2234 Euripidis
470 2146 718 2211 Andromachae
739 2168 835 2212 versu
857 2154 923 2213 414
937 2145 1038 2212 Dind.
1049 2145 1139 2214 Wel-

9 2253 158 2318 ckerus
148 2275 214 2318 ram
247 2252 416 2338 respondit
453 2273 553 2336 quum
591 2251 714 2317 diceret
751 2273 931 2318 sermonem
968 2252 1139 2337 utriusque

9 2357 174 2446 hagmenti
196 2358 327 2422 omnino
349 2357 510 2422 diversum
535 2378 614 2422 esse

90 2461 214 2530 Omnes
235 2461 333 2527 fere
324 2463 386 2549 rgit
387 2486 426 2527 ur
371 2456 593 2527 tServiot
578 2465 702 2527 tantam
722 2459 821 2525 fidem
843 2460 977 2538 habent,
999 2464 1048 2539 ut,
1071 2464 1151 2528 eins·

9 2570 97 2634 unico
125 2567 310 2633 testimonio
331 2567 422 2643 freti,
444 2565 566 2632 Naevio
589 2565 852 2631 Andromacham
871 2564 1070 2642 adscribant,
1099 2567 1141 2632 de

9 2695 73 2758 qua
92 2693 253 2756 nunquam
276 2671 355 2735 alias
378 2693 485 2736 sermo
507 2672 567 2746 est,
589 2692 688 2755 quum
710 2673 819 2735 tamen
841 2669 991 2736 Enniana
1013 2670 1140 2737 Andro

9 2776 123 2842 macha
151 2797 352 2863 summopere
381 2796 508 2862 semper
536 2773 697 2839 laudetur.
742 2775 904 2860 Equidem
930 2797 996 2841 non
1024 2776 1140 2842 dubito

9 2883 82 2968 quin
104 2881 156 2946 hic
169 2883 202 2946 in
218 2880 325 2947 Servii
340 2879 459 2945 librum
480 2901 570 2965 error
584 2879 755 2966 inrepserit
770 2881 955 2966 suadeoque
970 2884 1007 2947 ut
1022 2881 1139 2960 Ennio,

9 2989 93 3052 caius
117 2991 169 3052 tot
197 2979 380 3073 fragmenta
402 2985 649 3050 Andromachae
677 2988 808 3062 extant,
838 2985 900 3051 hoc
930 2991 1058 3071 quoquc
1088 2987 1142 3052 tri·

9 3091 152 3159 buamus.
197 3090 346 3176 Namque
367 3090 618 3176 Astyanactem,
648 3090 691 3154 ad
712 3111 808 3173 quem
839 3090 944 3154 mater
970 3091 1003 3154 in
1029 3079 1142 3160 nostro

9 3197 190 3285 fragmento
220 3196 308 3280 loqui
338 3195 483 3270 ridetur,
513 3196 611 3260 etiam
641 3196 674 3259 in
695 3193 793 3286 Ennii
819 3192 931 3260 fabula
959 3195 993 3260 in
1015 3218 1143 3262 scenam

9 3304 203 3390 productum
234 3323 302 3366 esse
324 3322 364 3365 ex
387 3296 552 3366 Ciceronis
564 3303 591 3383 ³)
622 3298 695 3364 loco
717 3301 854 3386 apparet
882 3299 939 3365 ubi
972 3299 1142 3388 Antiphon

9 3410 74 3474 cius
105 3427 277 3494 personam
308 3406 412 3492 egisse
448 3405 580 3480 dicitnr,
603 3403 721 3498 'ibique
750 3401 867 3471 Cicero
902 3407 1144 3485 animadvertit,

9 3513 39 3578 in
61 3511 292 3578 Andromacha
319 3512 422 3575 maior
454 3508 619 3592 aliquanto
646 3507 710 3574 fuit
740 3521 835 3594 quam
858 3513 1062 3597 Astyanax.“
1107 3512 1145 3578 Si
1277 3573 1283 3582 .

9 3621 93 3684 enim
116 3617 286 3704 Antiphon
307 3613 515 3701 Astyanactis
542 3616 655 3697 partes
684 3614 817 3700 agebat,
850 3614 924 3680 inde
956 3615 1146 3682 concludere

9 3745 193 3810 possumus,
216 3720 450 3807 Astyanactem
472 3717 562 3782 illum
579 3719 762 3784 Ennianum
782 3741 846 3784 non
867 3718 967 3786 fuisse
988 3718 1145 3786 infantem

10 3831 65 3914 qui
86 3827 166 3892 nihil
187 3849 246 3892 nec
268 3827 388 3892 diceret
410 3845 468 3890 nec
490 3823 709 3911 intellegeret3
732 3828 802 3889 tum
826 3823 909 3888 enim
925 3827 1013 3890 certe
1030 3843 1147 3912 puern.

9 3981 250 3992 ——-——=-

83 4043 104 4104 ι)
123 4056 149 4106 p,
169 4042 229 4097 ιιι,
248 4067 281 4078 -
301 4039 323 4101 ²)
341 4039 408 4106 aph.
423 4037 454 4091 a.
472 4037 504 4092 a.
523 4038 558 4091 A.
577 4038 613 4089 s.
634 4042 700 4090 reae
715 4023 745 4102 p.
766 4041 809 4090 ιι.
823 4063 855 4072 -
875 4036 897 4099 ⁸>
916 4037 950 4088 ιι
966 4038 1048 4094 stuc.
1067 4046 1091 4102 ι,
1105 4046 1145 4094 ιι.

911 4141 951 4193 a·
1181 4133 1183 4138 ’
