2712 4630
548 186 588 246 51

461 267 670 280 ...m

9 369 159 438 icarium*
180 393 310 456 quoque
331 371 514 436 comoedias
535 372 667 459 tragicis
688 371 871 438 nominibus
890 372 1061 460 inscriptas
1084 374 1136 440 de'·

9 477 98 554 iisse,
140 479 314 560 sequutum
350 475 384 542 in
424 477 485 542 hac
521 498 649 563 quoque
682 499 719 543 rc
749 497 901 564 magnum
931 479 1134 565 magistrum.

9 581 290 649 lerumcnimrero
312 583 374 668 etsi
395 583 428 646 in
450 581 511 646 illis
528 581 663 648 Graecis
685 583 840 648 dramatis
862 581 1001 648 fortasse
1023 603 1136 650 scenae

9 707 229 770 nonnunquam
258 693 468 752 occurrerunt
506 707 582 753 vere
620 689 760 754 comicae
780 686 905 752 ‘tamen
941 704 1049 774 saepe·
1068 690 1137 754 sine

9 791 98 856 lubio
135 791 239 885 omnis
276 812 330 855 ars
358 793 481 858 comica
513 793 704 858 versabatur
736 794 770 858 in
799 813 837 858 eo
864 796 904 857 ut
924 793 1138 882 admonerent

9 897 241 984 ragoediarnm
266 918 348 980 quae
369 897 490 984 populo
512 897 702 965 Atheniensi
723 901 820 962 notae
842 901 950 975 erant;
980 899 1138 964 eiusmodi
1200 935 1201 940 .

9 1025 78 1067 rero
110 1023 235 1078 scenas,
271 1025 371 1086 quum
396 999 537 1089 populus
567 1003 733 1068 Romanus
762 1003 947 1094 tragoedias
974 1003 1044 1069 illas
1073 1023 1138 1070 non

9 1108 137 1172 ridieset
158 1128 239 1191 quae
261 1107 294 1172 in
315 1108 421 1171 iocum
446 1107 670 1193 vertebantur,
707 1109 831 1174 Romae
852 1129 947 1174 nemo
969 1109 1137 1174 intellexit.

9 1213 77 1276 Hoc
98 1212 200 1298 igitur
222 1212 459 1276 concedendum
483 1214 545 1276 erit
567 1212 652 1278 bono
673 1214 776 1278 nostri
800 1216 917 1298 poetae
946 1214 1075 1299 ingenio
1101 1217 1139 1280 ut

9 1317 103 1380 nullas
126 1317 368 1402 tragoediarum
389 1317 552 1382 irrisiones
575 1303 720 1410 dederit,
738 1317 854 1410 quibus
877 1341 942 1385 non
964 1320 1053 1404 ipsae
1076 1321 1139 1384 tra-

9 1422 138 1510 goediae
161 1422 398 1486 antecesserint.
446 1424 561 1511 ltaque
584 1425 611 1488 si
634 1445 698 1508 qua
719 1423 829 1490 fabula
859 1424 985 1510 tragici
1001 1424 1139 1488 nominis

9 1527 125 1592 Naevio
148 1527 304 1592 tribuitur
325 1518 498 1594 certe‘uon
521 1533 571 1594 est
592 1519 707 1595 Naevii
729 1520 905 1598 comoedia.

86 1630 233 1698 Fabulae
260 1635 482 1718 praetextatas
516 1655 611 1700 nemo
639 1635 702 1698 iam
731 1634 862 1700 dubitat
890 1635 967 1719 quin
995 1632 1137 1698 Naevius
1220 1617 1223 1624 ⁴

9 1737 170 1824 scripserit
178 1741 217 1820 3²)
239 1737 349 1822 itaque
379 1737 473 1824 plura
502 1738 600 1804 verba
629 1739 670 1804 de
696 1741 735 1804 iis
761 1739 868 1806 facere
897 1761 982 1804 nunc
1009 1739 1139 1823 quidem
1214 1769 1220 1782 ·

9 1841 217 1928 supersedere
241 1863 430 1928 possumus,
457 1865 562 1928 neque
591 1866 673 1930 opus
696 1849 746 1910 est
767 1849 806 1910 ut·
828 1845 938 1910 multis
961 1843 1067 1910 verbis
1089 1865 1140 1910 ex·
1218 1853 1220 1860 '

9 1969 163 2034 ponamus
200 1951 354 2032 quantam
376 1947 518 2026 laudem
555 1948 696 2014 Naevius
737 1951 888 2014 meruerit
923 1950 1038 2036 patriis
1073 1949 1140 2034 'illis

9 2051 130 2118 fabulis.
173 2052 335 2146 Magnum
357 2053 440 2118 eninr
458 2054 535 2139 quid
556 2053 628 2131 fuit,
652 2056 716 2119 iam
739 2058 810 2120 tum
826 2053 972 2121 deserere
995 2053 1140 2120 Graecos

9 2159 178 2244 magistros
201 2180 240 2223 ac
259 2159 392 2244 proprio
414 2160 543 2224 numine
571 2180 717 2246 pergere.

93 2264 251 2328 Attamen
273 2265 390 2340 sensit,
412 2269 450 2328 ut
471 2265 617 2340 videtur,
639 2267 708 2352 ipse
729 2263 871 2332 Naevius
894 2287 989 2349 quam
1014 2263 1143 2330 difficile

9 2367 84 2432 illud
105 2391 188 2456 opus
212 2370 270 2444 sit,
293 2391 352 2434 nec
375 2370 480 2434 minus
503 2371 604 2435 sensit
625 2370 780 2448 fortasse,
809 2393 863 2436 res
893 2369 1051 2457 mythicas
1079 2370 1143 2436 Ro

9 2495 174 2539 manorum
197 2497 262 2540 non
282 2475 330 2538 ita
344 2496 458 2540 scenae
474 2496 543 2540 esse
566 2477 660 2561 aptas
683 2497 779 2560 quam
804 2474 948 2541 Graecos
971 2475 1142 2562 mythos.¹)

9 2575 221 2644 Comoediam
244 2582 352 2644 autem
374 2601 450 2644 vere
473 2581 670 2656 Romanam,
698 2579 731 2646 id
755 2584 804 2644 est
826 2579 969 2646 fabulam
994 2583 1141 2666 togatam

9 2682 240 2761 tabernariam,
263 2687 421 2770 quantum
445 2685 578 2762 scimus,
602 2686 723 2752 nullam
746 2686 889 2772 scripsit,
913 2686 1037 2772 primus
1059 2686 1143 2750 enim

9 2789 40 2852 in
63 2787 127 2853 hoc
148 2790 250 2874 poesis
273 2811 389 2876 genere
410 2789 551 2855 Titinius
574 2791 757 2857 elaborasse
779 2792 918 2858 videtur.

94 2893 148 2960 Εο
172 2893 356 2980 diligentius
384 2897 517 2961 vcro-in
547 2895 690 2980 Graecas
719 2896 902 2962 comoedias
931 2896 1072 2962 intexuit
1092 2915 1145 2960 res
1224 2915 1254 2986 j

9 2999 208 3082 Romanam)
236 3022 377 3085 ususque
399 3005 458 3064 est*
471 3001 620 3068 omnibus
644 3001 780 3066 artibusv
795 3002 912 3087 quibus
934 3001 968 3064 id
988 3001 1145 3086 temporis

10 3109 124 3190 poetae
147 3105 328 3170 comoedias
338 3143 339 3148 κ
351 3127 411 3171 auo
426 3108 548 3194 populo
564 3109 706 3193 aptiores
721 3109 819 3191 atque
834 3106 995 3193 gratiores
1010 3103 1146 3170 reddere

9 3210 173 3286 solebant,
201 3232 300 3293 quum
322 3212 513 3298 praesertim
537 3213 585 3277 ita
606 3212 789 3278 comoedias
816 3211 1086 3293 contaminaret4)
1108 3210 1147 3274 ut

9 3315 154 3402 singulae
188 3336 300 3379 scenae
330 3318 631 3401 quam-maximum
671 3315 771 3381 risum
809 3320 975 3381 moverent
1009 3318 1042 3382 et
1077 3337 1148 3402 per-

10 3440 161 3484 sonarum
185 3420 327 3486 ridiculis
358 3421 501 3488 moribus
529 3427 563 3488 et
591 3445 774 3488 sermonum
796 3421 903 3508 lepida
931 3421 1113 3486 vivacitate.
1123 3421 1148 3502 5)

13 3523 214 3589 Gravissima
230 3530 339 3590 autem
356 3550 463 3592 errare
479 3530 630 3594 videntur
645 3533 774 3614 praeter
790 3526 869 3592 alios
880 3525 1148 3606 Klussmannusb

9 3635 41 3693 et
70 3621 380 3715 winkelmannus‘o
409 3655 547 3718 quorum
578 3635 668 3720 prior
697 3655 797 3717 quum
828 3631 1004 3696 contendat
1033 3627 1149 3695 Naevii

84 3809 104 3867 ¹)
123 3805 252 3858 Welclrer.
272 3824 296 3872 p.
320 3816 383 3860 1345
403 3813 512 3862 Paolum
530 3809 636 3862 Pacuvii
655 3813 763 3876 primam
781 3817 896 3873 togatam
915 3807 993 3858 luisse
1012 3807 1148 3857 existimat.
1186 3815 1193 3822 ·

12 3895 31 3954 ⁹)
50 3894 84 3944 cl.
100 3895 228 3946 Welcker.
249 3913 272 3961 p.
290 3903 363 3948 leta.
384 3927 416 3935 —
438 3901 458 3960 ⁸)
479 3901 510 3950 cl.
524 3901 675 3950 lllommscn.
695 3896 729 3948 lb
744 3914 769 3962 p.
784 3901 843 3948 873.
859 3924 889 3934 -
904 3897 928 3958 ⁴)
948 3894 980 3944 cl.
994 3895 1052 3944 Ter.
1066 3895 1148 3944 Andr.

13 3983 75 4046 prol.
106 3987 147 4032 18.
170 4009 206 4019 -
230 3985 251 4045 ὅ)
276 3986 308 4035 de
333 3987 357 4036 vi
383 3970 606 4038 contaminationis
633 3988 729 4052 opt-ime
753 3975 873 4050 eirposuit
897 3983 1046 4034 Ladewinus
1071 3981 1149 4032 Anal.

13 4070 87 4120 Scan.
106 4085 132 4134 p.
157 4077 193 4124 lo.
213 4102 248 4112 -
267 4075 288 4133 ο)
307 4091 332 4141 p.
355 4081 410 4126 109.
431 4101 462 4112 -
484 4077 504 4137 ²)
523 4073 626 4140 p.'5ll.

914 4175 952 4225 μ
