2712 4630
547 203 703 264 blv

20 375 213 476 uipserit1).
258 389 298 454 In
318 387 500 477 fragmento
523 391 610 476 quod
632 389 747 456 laudat
767 387 956 454 Macrobius
978 387 1137 474 adparent

19 493 207 559 boenestini
221 497 254 560 et
268 494 428 561 Lanuvini
451 496 605 583 hospites,
629 496 693 580 qui,
716 496 750 560 ni
770 493 875 570 fallor,
895 492 937 558 ab
953 494 1024 580 ipso
1037 496 1137 580 poeta

19 595 217 664 rGraeoum
239 604 463 688 argumentum
485 602 578 668 inlati
601 605 677 668 sunt
699 601 842 686 satisque
863 599 1039 666 ostendunt
1061 619 1135 664 eum

18 725 57 766 un
83 702 241 770 didicisse
267 707 487 794 propriisalis
508 707 574 786 uti3
607 707 647 774 de
675 709 790 794 togata
818 706 921 783 enim,
954 726 1036 790 quae
1060 708 1135 770 ante
1217 729 1227 754 ν

17 807 161 874 titinium
183 809 271 874 nulla
294 816 375 887 erat,
398 812 550 880 audacius
573 817 659 880 esset
680 813 824 899 cogitare
846 811 981 898 propter
1003 809 1065 878 hoo
1087 830 1134 874 so
1156 847 1158 860 =

17 935 62 977 rm
85 913 326 1001 fragmentum,
357 919 548 1004 praesertim
576 941 675 1004 quum
699 915 825 984 Graeca
854 914 1001 1003 exempla
1022 919 1135 989 extent

16 1017 86 1082 ‚nde
107 1020 192 1085 verti
214 1023 360 1106 potuerit
381 1023 546 1090 Hariolus.
593 1022 738 1091 Graecae
758 1023 843 1088 enim
876 1021 1018 1088 eiusdem
1041 1042 1133 1108 argu-

15 1125 99 1188 uenti
121 1123 250 1191 fabulae
264 1126 363 1193 fuisse
378 1111 527 1196 videntur
542 1125 779 1214 Μητραγύρΐης
792 1126 1019 1214 Anthiphanis,
1036 1124 1134 1190 Moir-

15 1251 59 1302 εις
89 1229 254 1309 Alexidis,
288 1235 500 1317 Δεισιδαίμων
531 1233 712 1311 Menandri,
742 1231 894 1317 Ἀγύρτης
925 1231 1134 1310 Philemonis,

13 1355 139 1416 [uarum
162 1334 301 1403 fortasse
317 1335 471 1423 Ἀγύρτην
491 1343 566 1406 ante
588 1339 698 1406 oeulos
721 1337 834 1404 habuit
853 1340 989 1425 poetas.

112 1547 270 1634 xxm.
333 1487 572 1640 sacros
601 1549 1017 1640 propersonae.
1136 1649 1139 1654 ,

68 1703 104 1754 cf.
123 1706 245 1758 Ribbeck.
263 1717 327 1774 trag.
346 1710 391 1760 rel.
411 1727 435 1776 p.
457 1711 479 1762 7.
503 1705 506 1711 ’

87 1840 182 1924 Quae
196 1843 376 1938 Naeuianae
391 1847 545 1926 Hectoris
559 1847 742 1935 fragmenta
761 1851 886 1926 extant,
909 1870 1019 1913 errore
1034 1868 1131 1932 quon-

9 1945 74 2011 iam
95 1949 263 2018 Ennianae
285 1951 413 2020 fabulae
436 1953 589 2020 Hectoris
610 1955 741 2021 Lustris
764 1952 991 2019 tribuebantur
1017 1973 1131 2018 revera

9 2053 81 2117 mim
104 2055 220 2121 Naevii
252 2062 327 2124 sunt
356 2061 446 2126 cuius
475 2057 617 2126 fabulam
641 2058 757 2127 Cicero
788 2060 847 2126 etsi
876 2080 941 2124 non
964 2058 1131 2146 expressis

8 2157 102 2224 serbis
119 2160 244 2239 laudat,
270 2167 377 2230 tamen
391 2165 609 2252 compluribus
624 2167 704 2233 locis
719 2187 791 2232 oum
807 2165 951 2230 Hectore
965 2161 1131 2229 Naeviano

7 2261 172 2351 loquitur-³)
194 2270 227 2333 et
242 2267 457 2357 Priscianusi)
475 2273 577 2360 ipsius
591 2271 720 2338 fabulae
735 2294 853 2338 nomen
866 2269 960 2336 nobis
977 2267 1130 2334 tradidit:
1235 2297 1238 2306 ¹

84 2371 246 2449 „Naevius
268 2375 300 2440 in
322 2375 468 2443 Hectore
489 2377 727 2466 proficiscente:

7 2473 94 2542 lunc
115 2479 201 2564 ipsos
226 2480 377 2546 adoriant
397 2504 437 2548 ne
460 2483 515 2567 qui
537 2483 610 2549 hino
630 2481 783 2570 Spartam
806 2480 927 2547 referat
947 2482 1130 2557 nuntium“,

7 2600 64 2662 puo
86 2582 156 2650 loco
176 2585 315 2652 Vossius
341 2610 405 2652 non
434 2589 502 2653 sine
524 2586 754 2675 probabilitate
775 2586 1040 2676 ‚,profioiscente“
1063 2608 1130 2650 mu-

7 2688 79 2751 'avit
100 2690 134 2754 in
157 2691 439 2776 „proiicisoentes“
472 2716 568 2780 quam
598 2715 711 2761 vocem
741 2716 814 2759 oum
841 2691 1027 2779 fragmento
1050 2711 1129 2756 con-

7 2794 111 2870 uoxit,
135 2798 174 2857 ut
195 2817 312 2862 nomen
332 2797 459 2864 fabulae
481 2795 651 2877 „Hecmr‘
675 2799 835 2865 evaderet.
867 2795 933 2862 Sed
952 2797 1027 2862 licet
1048 2793 1129 2862 Nae-

7 2897 64 2962 rius
86 2897 231 2965 fabulam
247 2924 336 2966 suam
352 2903 527 2970 Heotcrem
544 2905 725 2994 adpellarit,
746 2907 855 2970 tamen
875 2906 989 2991 postea
1003 2901 1130 2992 Hector

7 3003 199 3083 proficiscens
220 3007 375 3096 inscripta
397 3008 495 3090 fuisse
517 3012 645 3076 videtur
668 3032 768 3097 quum
783 3011 866 3076 Atta
881 3010 1041 3088 „tironem
1057 3027 1129 3094 pro
1214 3021 1217 3026 “

7 3103 210 3176 iciscentem“
232 3114 322 3178 cuius
345 3137 462 3181 nomen
489 3117 531 3180 ad
552 3117 728 3183 Hectorem
757 3114 897 3181 fortasse
923 3111 1128 3190 referendum

7 3217 53 3290 ast,
76 3215 251 3302 scripserit.
287 3217 341 3284 De
363 3219 575 3286 Klossmanni
597 3222 756 3287 sententia
778 3221 834 3306 qui
854 3219 1032 3286 Hectorem
1053 3239 1128 3283 oum
1229 3245 1230 3252 ¹

7 3317 223 3387 indromacba
258 3324 491 3412 conglutinavit
519 3326 658 3392 diximus
689 3349 714 3392 s.
737 3351 768 3392 v.
790 3324 1035 3402 Andromacha,
1064 3326 1127 3389 tra·

7 3425 139 3507 mediam
156 3449 231 3494 vero
242 3429 422 3498 Hectorem
437 3432 536 3498 fuisse
556 3434 762 3521 exposuimus
780 3433 813 3496 in
828 3431 1016 3519 prohoemio
1031 3429 1127 3495 huius

7 3532 104 3596 sartis.

78 3637 304 3724 Welokerus⁵)
326 3639 502 3708 Hectorem
525 3666 599 3710 cum
614 3643 759 3710 Hectore
774 3624 1022 3730 Astydanrantis
1043 3660 1126 3706 oom-
1153 3679 1156 3693 ·

7 3741 94 3806 rosit.

62 3921 83 3981 ¹)
101 3920 221 3986 Plerique
239 3933 344 3976 censent
362 3927 487 3978 Naevium
506 3943 533 3978 ss
552 3931 634 3994 ipsum
653 3929 703 3980 hoo
721 3928 796 3978 leona
813 3927 977 3990 significasse.
996 3950 1029 3961 ·—
1052 3921 1073 3986 ἵ)
1092 3921 1126 3974 el.

7 4005 113 4057 tibbeok
133 4023 198 4060 com.
217 4011 262 4062 rsl.
281 4028 307 4078 p.
327 4009 575 4078 8.-⁸)ot.'1'uso
596 4023 621 4079 4,
640 4022 683 4079 ³1,
703 4018 751 4078 ⁶⁷3
770 4017 802 4066 ad
821 4016 881 4065 Dis.
902 4019 926 4076 a,
948 4018 979 4062 12
998 4019 1024 4066 et
1045 4015 1124 4072 15,6.

7 4095 53 4159 lp.
75 4100 123 4146 eor
145 4096 174 4146 P.
195 4101 247 4150 ⁴00
266 4098 393 4165 11.-³)
412 4117 436 4167 p.
460 4108 533 4154 raas.

1325 3554 1334 3575 t·

1336 3541 1339 3596 1

1327 3575 1338 3879 p

1333 3945 1336 4023 l
