2734 4610
757 183 797 240 10

208 364 335 430 fabulas
357 364 484 458 dedisse
506 387 591 430 anno
615 371 689 442 519,
713 365 897 430 consulibus
919 367 959 432 Τ.
974 365 1099 432 Manlio
1121 371 1154 432 et
1171 367 1210 432 Ο.
1228 368 1356 448 Atilio,

208 491 309 554 quum
330 491 407 535 vero
430 470 509 534 aliae
529 468 656 556 regerit,
680 492 760 535 coss.
777 471 825 548 M.
841 471 943 535 Atilio
959 479 993 536 et
1012 470 1050 536 P.
1067 472 1197 537 Valerio
1212 473 1356 559 Rugum

209 574 382 640 divortium
404 573 526 666 fecisse,
550 575 643 640 Atilii
665 573 803 662 consulis
825 559 1075 662 nomine'fclsus
1095 576 1177 642 hano
1198 599 1273 644 rem
1301 579 1356 643 ad⁴

208 681 337 766 scripsit
359 679 401 742 ad
423 679 559 743 eundem
582 701 700 743 annum
724 685 799 744 519.

298 781 428 862 Quodsi
456 784 528 867 quis
562 782 705 850 Gellium
733 785 774 849 eb
810 785 967 850 eiusmodi
990 785 1168 852 *erroribus
1204 787 1356 852 alienum¹

207 891 303 974 putet
324 888 431 952 nescio
454 909 550 971 quam
573 889 732 958 rationem
754 888 930 956 faciliorem
953 891 1160 978 explicandae
1186 893 1236 956 rei
1261 894 1352 958 adhi-

206 992 282 1058 bere
304 992 393 1057 velit.
1059 1059 1060 1064 ,
1235 1019 1238 1024 ’
1355 1081 1356 1084 ¹

294 1097 365 1160 lom
394 1117 470 1160 vero
500 1119 541 1161 ne
571 1119 655 1162 nunc
684 1098 826 1182 quidem'
844 1100 962 1164 scimus
992 1123 1058 1184 quo
1089 1091 1190 1165 enno·
1200 1103 1348 1187 primun

155 1251 158 1254 .
206 1200 330 1265 fabulas
345 1199 486 1266 Naevius
502 1201 664 1278 docuerit3
686 1201 811 1268 Gellius
832 1204 916 1268 enim
931 1203 1009 1268 nihil
1025 1205 1103 1269 dicit
1088 1206 1204 1282 tnisI,
1207 1208 1356 1282 ,eodem

206 1327 267 1390 que
289 1329 373 1370 anno
397 1304 461 1371 Gn.
484 1305 626 1372 Naevius
647 1311 726 1392 poet
727 1331 747 1371 a
712 1306 894 1372 tfebuloe
925 1310 1012 1394 apud
1038 1311 1194 1396 populum
1218 1311 1356 1416 ἀεᾶίι.Ἳ

206 1412 299 1475 Idem
322 1412 443 1497 apertis
467 1410 595 1495 quidem
617 1411 724 1476 verbis
747 1413 868 1498 paullo
879 1416 954 1479 unte
976 1412 1104 1478 dixerat
1126 1416 1259 1481 Livium
1286 1375 1356 1504 prii

190 1506 294 1582 ¹mum
318 1517 460 1581 omnium
474 1517 599 1580 Romae
620 1514 745 1580 fabulas
761 1516 878 1582 docere
892 1519 1044 1605 coepisse,
1068 1541 1133 1602 qua
1147 1542 1182 1585 re
1190 1509 1356 1586 conicerei

206 1623 278 1705 qnis
300 1621 406 1706 possit
391 1619 473 1685 thio
489 1641 616 1704 quoque
632 1617 681 1684 de
688 1621 800 1704 primis
816 1619 930 1698 Naevii
944 1617 1062 1687 fabulis
1076 1621 1221 1689 Gellium
1236 1607 1356 1710 loqui;

207 1729 349 1790 etta-men
370 1746 469 1809 quum
492 1724 599 1810 paullo
622 1727 698 1810 post
719 1728 849 1813 tempus
873 1731 1003 1816 tantum
1024 1728 1144 1816 indicet
1167 1751 1231 1813 quo
1247 1729 1342 1796 Plau·

206 1834 260 1894 tus
286 1833 319 1892 in
346 1850 440 1894 sceno
473 1827 635 1906 floruerit,
670 1830 745 1896 inde
779 1833 892 1898 eodem
924 1834 995 1898 iure
1030 1833 1220 1898 concludere
1256 1835 1342 1910 licet

205 1933 362 1999 Naevium
383 1937 461 1998 tune
483 1955 549 1999 non
570 1934 711 2020 primum
735 1935 882 2002 docuisse
910 1939 967 2020 sed
1000 1938 1032 2002 in
1061 1960 1156 2015 scene
1184 1937 1340 2006 floruisse.

73 2119 76 2124 Ι
152 2043 158 2050 '
205 2038 359 2104 Fortasse
383 2040 467 2104 enirn
489 2038 597 2106 Vurro
627 2044 716 2104 certe
738 2042 923 2106 testimonie
949 2041 1063 2107 habuit
1092 2041 1222 2128 quibus·
1238 2042 1341 2110 fretus

204 2143 279 2210 huic
301 2167 384 2210 anno
406 2144 488 2210 hene
509 2144 637 2209 illumve
659 2143 772 2208 Naevii
792 2144 937 2208 fabulam
957 2147 1125 2213 tribueret.

225 2263 227 2268 '
266 2289 269 2292 -
293 2249 476 2332 Antequam
498 2247 639 2313 Naevius
660 2247 914 2314 fabulasdocuit
936 2251 1096 2336 stipendia
1117 2253 1235 2318 meruit
1256 2252 1341 2320 bello

153 2335 157 2344 ⁸
205 2353 328 2418 Punico
350 2353 454 2438 primo
465 2353 499 2436 ¹),
523 2352 611 2436 quod
634 2352 753 2419 bellum
776 2376 876 2438 quum
898 2358 1067 2440 gereretur
1089 2357 1180 2421 annis
1203 2365 1267 2424 490
1292 2383 1342 2426 us·

206 2481 268 2542 que
296 2457 338 2521 ed
365 2463 428 2522 513
451 2457 590 2522 Romani
619 2479 697 2524 vero
728 2461 803 2524 ante
833 2481 952 2523 annum
968 2459 1142 2526 ,decimum
1165 2463 1342 2548 septimum

103 2609 106 2612 -
207 2585 297 2628 orme
317 2585 382 2627 non
405 2567 578 2639 sumerent,
601 2562 742 2629 Naevius
757 2566 854 2628 nutus
877 2567 926 2628 est
946 2567 1033 2628 certe
1048 2565 1124 2630 ente
1139 2587 1257 2632 annum
1274 2571 1356 2646 4961

205 2669 265 2734 nisi
288 2667 374 2733 forte
397 2669 473 2752 quis
490 2671 633 2734 statuere
658 2669 761 2744 malit,
771 2669 939 2735 -ocerrimo
960 2669 1015 2733 illo
1037 2663 1242 2737 bello‘etiem
1265 2677 1342 2739 ante

205 2777 345 2838 aetatem
377 2772 449 2858 lege
470 2774 702 2858 praescriptum
726 2783 845 2859 pueros
868 2774 909 2838 od
931 2795 1022 2838 erma
1044 2795 1115 2840 esee
1136 2780 1338 2842 convocatos.

205 2877 272 2944 Sed
293 2877 355 2941 elie
377 2877 460 2942 ratio
477 2877 608 2946 accedit
637 2898 700 2960 qua
720 2875 851 2942 definire
866 2877 940 2942 licet
955 2899 1019 2962 quo
1035 2881 1184 2967 tempore
1197 2879 1356 2966 Naevius¹

204 2986 301 3048 natus
322 2983 374 3047 sit.
1238 3049 1241 3055 ,
1355 2993 1356 3000 ’

294 3083 447 3169 c1eer02)
468 3087 552 3150 enim
575 3085 670 3162 dicit,
698 3083 857 3150 Naevium
879 3108 987 3153 senem
1010 3089 1157 3176 gavisum
1173 3108 1248 3152 esse
1277 3111 1356 3155 suo¹

203 3191 287 3258 bello
309 3190 449 3266 Punico,
473 3212 572 3274 quum
593 3211 670 3255 vero
695 3211 793 3258 senex
814 3211 908 3258 nemo
931 3215 950 3255 ιι
974 3190 1130 3258 Cicerone
1156 3192 1335 3258 nominetur

204 3297 265 3362 nisi
296 3296 523 3381 sexagenarius
535 3296 570 3379 ³),
599 3293 758 3372 Naevius,
791 3296 846 3380 qui
873 3299 1021 3360 mortuus
1058 3298 1109 3362 est
1146 3317 1230 3361 anno
1262 3303 1334 3375 550,

203 3405 299 3467 nutus
321 3406 371 3464 est
391 3404 450 3466 cut
471 3407 554 3464 anno
569 3405 634 3464 490
658 3403 716 3464 eut
731 3403 807 3466 onte
827 3400 913 3464 hunc
935 3421 1069 3476 annum,
1093 3423 1189 3485 quum
1205 3399 1246 3466 ob
1267 3423 1333 3466 rem

203 3504 397 3572 Ritschelins
428 3525 557 3588 quoque
585 3525 659 3568 eum
686 3511 798 3570 netum
837 3507 987 3570 ¹autumet
1012 3505 1098 3572 inter
1134 3527 1234 3573 annos
1269 3513 1333 3572 480

203 3612 369 3692 ιιιιιο).

276 3787 295 3846 ¹)
315 3785 379 3834 Gell.
398 3783 429 3833 N.
449 3785 483 3834 A.
506 3785 545 3845 17,
565 3791 595 3834 21
618 3811 651 3821 -
671 3786 693 3848 ¹)
713 3785 766 3836 Cic.
788 3785 844 3836 Cot.
862 3787 899 3836 Μ.
921 3793 961 3848 14,
987 3793 1029 3837 50.
1046 3815 1083 3824 —
1104 3789 1125 3848 ⁸)
1145 3787 1179 3838 et.
1203 3787 1329 3838 Bitschclii

202 3873 260 3923 Por.
280 3888 304 3937 p.
326 3877 365 3920 62.
386 3871 418 3922 ci.
439 3873 582 3921 Varronem
601 3875 671 3936 apud
690 3872 794 3923 Censor.
815 3875 847 3924 dc
866 3875 907 3923 dic
924 3881 976 3923 nst.
999 3881 1038 3924 14.
1058 3901 1090 3910 -
1108 3876 1131 3936 ⁴)
1151 3873 1184 3925 ci.
1203 3875 1328 3925 Riochelii

202 3975 256 4025 per.
281 3965 365 4024 12⁵⁰·
394 3960 577 4009 Mommsenius
600 3960 658 4009 hist.
682 3960 759 4010 Rom.
784 3958 818 4011 1b
839 3977 863 4026 p.
892 3966 943 4012 880
961 3947 1053 4012 Naevii
1076 3961 1155 4011 uitem
1178 3962 1250 4025 ponit
1268 3963 1329 4012 inter

203 4063 282 4098 annos
300 4052 352 4102 490
371 4054 397 4098 et
414 4053 474 4098 560.
