2734 4610
758 195 799 253 38

670 280 880 288 -·-—-——---

209 383 354 448 saturnio
383 380 497 447 Naevii
524 401 652 466 qnoque
681 382 835 446 memoria
863 381 1029 467 paullatim
1053 379 1217 446 defluebat
1240 383 1286 444 ut
1316 401 1354 444 so

208 487 274 552 lum
298 488 385 572 apud
408 487 635 572 grammaticos
660 487 760 552 vitam
783 487 925 572 degeret.
940 489 965 569 1)
1201 527 1204 534 .
1353 477 1354 544 l

297 593 345 658 Hi
376 593 466 673 enim¹
490 614 586 678 saepe
614 595 759 657 veterum
790 595 960 678 poetarum
998 612 1091 656 voces
1122 588 1299 656 obsoletas
1331 592 1354 662 ir

104 714 110 718 ’
209 698 367 784 glossaria
390 697 591 782 colligebant.
637 697 751 774 Primi,
768 702 924 781 quantum
939 698 1068 770 scimus,
1091 717 1109 760 e
1130 694 1252 760 Naevii
1271 695 1354 784 belli

207 803 334 870 Punico
356 803 482 886 glossas
504 805 750 888 excerpserunt,
779 805 816 866 ut
838 802 991 878 videtum·
1004 800 1178 875 Cornelius
1204 803 1241 875 et
1267 795 1354 866 «Veri

208 907 313 994 gilius,
330 928 412 996 quae
434 927 485 972 res
508 927 702 990 quamquam
719 907 934 972 demonstrari
957 907 1079 990 nequit,
1101 909 1211 972 tamen
1236 883 1354 996 similit

210 1011 259 1078 est
281 1012 347 1077 veri
371 1033 469 1094 quum
492 1011 636 1096 Varr02)
665 1011 782 1077 horum
810 1013 1094 1097 grammaticorum
1117 989 1354 1096 explicationet

210 1115 324 1182 afferat
352 1116 393 1180 ad
421 1115 535 1181 Naevii
560 1117 671 1204 locum
697 1115 753 1180 ubi
780 1116 893 1192 „Luca
916 1117 996 1181 bos“
1025 1113 1158 1183 dubium
1181 1117 1212 1180 ei
1235 1101 1354 1186 movitl

209 1221 307 1300 Hunc
331 1219 518 1302 Cornelium
549 1245 647 1306 quum
671 1224 766 1286 antea
788 1221 849 1286 viri
879 1221 968 1292 docti
990 1221 1254 1286 commiscuerint
1277 1243 1350 1285 cunr

209 1327 250 1396 L.
272 1325 365 1390 Aelio
391 1324 525 1402 Stilone,
547 1327 706 1394 Miillerus
728 1327 762 1390 in
784 1327 991 1421 annotatione
1014 1327 1056 1390 ad
1077 1327 1247 1392 laudatum
1271 1326 1350 1393 Var-

209 1433 298 1505 ronis
321 1431 426 1497 locum
451 1455 471 1497 a
494 1430 620 1496 Stilone
642 1431 784 1508 seiunxit
806 1437 904 1515 atque
927 1432 1084 1497 distinxit.

211 1591 214 1598 .
298 1537 463 1621 Vergilius
485 1537 557 1620 quie
579 1535 679 1601 fuerit
700 1537 849 1622 ignotum
872 1541 930 1602 est.
943 1541 969 1621 ³)
1005 1539 1100 1624 lpsas
1123 1537 1348 1602 adnotationes

210 1641 325 1706 horum
356 1641 500 1706 virorum
529 1649 595 1704 non
621 1641 712 1706 nimii
741 1643 838 1727 pretii
864 1641 964 1707 fuisse
987 1642 1149 1729 colligitur
1172 1665 1212 1706 ex
1234 1664 1347 1706 eorum

210 1744 315 1811 verbis
339 1766 421 1828 qnae
442 1745 559 1823 Varro
573 1745 697 1812 laudat.
742 1744 921 1812 Utrum'hi
944 1748 1147 1832 grammatici
1164 1749 1347 1834 perpetuos

209 1851 460 1923 commentarios
486 1851 521 1916 in
549 1853 721 1939 poetarum
750 1852 851 1918 libros
873 1855 1062 1940 scripserint
1083 1854 1260 1928 nescimus,
1297 1853 1346 1918 sed

209 1951 336 2043 optimo
357 1955 428 2024 iure
450 1957 491 2022 de
510 1956 572 2022 hac
593 1980 628 2023 re
651 1957 845 2024 Ritschelius
866 1958 1008 2024 dubitat.

297 2060 368 2127 Nec
389 2061 493 2130 multo
515 2062 588 2148 phrs
604 2063 721 2128 scimus
736 2063 777 2127 de
794 2061 835 2128 G.
853 2061 993 2128 Octavio
1007 2063 1228 2150 Lampadione
1253 2085 1347 2146 quen

211 2166 386 2246 Suetonius
409 2170 521 2236 narrat
543 2167 658 2232 Naevii
680 2165 798 2232 bellum
814 2166 975 2232 Punicum
998 2167 1144 2232 divisisse
1164 2169 1198 2232 in
1221 2171 1347 2254 septen

184 2272 320 2352 'libros
367 2269 479 2350 Quum
501 2270 586 2337 enim
610 2269 784 2336 Suetonius
807 2271 886 2335 nihil
908 2271 1010 2336 addat
1035 2273 1096 2338 uisi
1117 2274 1348 2358 grammaticos

210 2380 282 2442 tum
316 2376 457 2441 carmina
490 2378 684 2440 retractasse
725 2397 827 2460 euque
859 2376 997 2462 legendo
1036 2378 1348 2464 commentandoque

211 2483 309 2548 etiam
325 2480 439 2546 ceteris
454 2483 534 2546 nota
549 2479 672 2557 fecisse,
696 2503 755 2546 suo
777 2483 846 2546 iure
866 2481 970 2549 credit
990 2478 1221 2567 Suringaruse)
1244 2487 1349 2571 magis

169 2675 170 2682 ἵ
212 2589 406 2674 anagnostae
419 2585 504 2652 ,illos
533 2586 632 2656 fuisse
662 2607 760 2672 quam
795 2589 1075 2652 commentatores.
1132 2585 1206 2652 Non
1241 2589 1349 2654 solum

211 2697 321 2759 autern
341 2691 442 2756 libros
462 2691 647 2764 distinxisse
664 2693 793 2770 videtur
814 2693 1014 2779 Lampadio,
1039 2693 1096 2758 sed
1118 2693 1215 2758 etiam
1236 2691 1354 2776 totuml

212 2821 294 2884 opus
316 2797 482 2884 rescripsit
496 2799 630 2884 propria
653 2821 749 2864 manu
772 2802 869 2883 atque
892 2799 1041 2874 correxit,
1066 2799 1092 2863 si
1115 2798 1242 2882 quidem
1265 2785 1354 2866 Nae-l

210 2907 264 2984 vio
292 2904 425 2968 eandem
454 2915 586 2988 operam
616 2904 764 2988 inpertiit'
798 2923 895 2988 quam
922 2903 1029 2968 Ennio
1066 2905 1211 2976 navavit,
1247 2902 1349 2970 Ennii

212 3011 296 3076 enim
317 3007 448 3074 annales
470 3029 569 3092 quum
594 3011 716 3084 emeret
736 3011 778 3072 A.
796 3006 921 3074 Gellius
935 3007 1025 3074 illum
1040 3008 1157 3075 librum
1174 3009 1354 3094 propterea?

213 3111 322 3202 magni
343 3114 542 3191 aestimavit,
566 3113 654 3198 quod
676 3111 716 3177 ab
738 3114 811 3201 ipso
834 3111 973 3180 Octavio
995 3114 1219 3201 Lampadione
1240 3135 1354 3182 emen-2

212 3221 309 3285 datus
331 3217 548 3303 videbatur.⁵)

286 3471 305 3531 ²)
320 3453 489 3532 Quamquam
500 3467 654 3530 posteriores
673 3473 742 3516 certe
759 3467 941 3532 intellegebant
959 3475 984 3516 et
1001 3467 1066 3516 Livii
1081 3476 1105 3516 et
1121 3467 1210 3517 Naevii
1223 3471 1347 3521 carmina.

212 3557 352 3610 Eieiendus
372 3563 410 3606 est
427 3556 470 3606 hic
488 3555 567 3604 mirus
585 3554 628 3603 ille
648 3569 718 3604 error
736 3554 902 3606 Klnssinanni
929 3556 971 3618 qni
995 3570 1019 3618 p.
1042 3558 1088 3602 lttl
1111 3563 1137 3604 et
1158 3571 1183 3619 p.
1208 3559 1256 3604 206
1280 3571 1348 3609 con·

216 3646 296 3698 cludit
319 3661 352 3695 ex
376 3644 451 3695 Varr.
476 3643 508 3693 de
526 3643 542 3692 l.
561 3641 578 3692 l.
598 3647 649 3692 28ss
666 3643 709 3706 sp.
730 3643 830 3693 Livium
854 3652 913 3708 post
931 3643 990 3691 XV.
1010 3657 1090 3701 annos
1114 3657 1130 3691 a
1153 3643 1206 3692 snts
1222 3657 1270 3692 non
1290 3646 1346 3697 iam

213 3747 269 3784 esse
283 3733 456 3792 intellectum,
484 3745 561 3794 quum
580 3739 665 3780 tamen
682 3731 718 3780 ibi
734 3731 798 3780 nihil
817 3731 917 3792 legetur
935 3729 983 3778 nisi
1002 3730 1130 3779 Teucrum
1155 3730 1180 3779 in
1198 3728 1280 3778 sabula
1302 3734 1346 3784 Li.

204 3823 289 3872 tiana
313 3829 372 3886 post
395 3827 435 3870 tot
457 3833 538 3868 annes
556 3801 648 3868 tt‘euia⁴
662 3835 714 3868 non
739 3833 795 3870 esee
819 3819 941 3881 agnitum.
978 3816 1057 3867 Ouiae
1081 3818 1173 3867 erroris
1189 3832 1237 3866 non
1253 3826 1346 3872 memi.

145 3941 147 3945 ψ
213 3910 308 3959 nissam
324 3909 373 3958 nisi
402 3906 542 3958 Teuffelius
569 3907 585 3957 l.
611 3907 626 3956 l.
655 3907 791 3955 bonafide
810 3905 899 3955 eadem
917 3906 943 3954 in
961 3905 1285 3954 roKlnesmannumesset
1304 3923 1345 3960 se-

214 3985 314 4061 quitur.
334 4019 366 4030 -
387 3995 408 4056 Ι)
427 3996 459 4044 ee
477 3995 492 4044 r.
513 3996 528 4044 ι.
541 3996 574 4054 a,
592 4000 633 4043 sa.
657 4019 689 4030 -
709 3995 731 4056 ⁸)
752 3993 784 4042 cr.
803 3993 909 4042 arsen.
929 4005 982 4056 par.
1002 4007 1027 4054 p.
1048 3997 1107 4042 ω.
1126 4019 1158 4030 -
1178 3992 1200 4054 ⁴)
1212 3992 1263 4041 nur
1282 3998 1341 4047 aas.

213 4083 292 4134 schol.
312 4083 367 4134 Lnt.
387 4085 399 4134 I
418 4099 442 4148 p.
463 4087 503 4132 59.
525 4109 556 4118 -·
575 4083 596 4142 ὅ)
617 4081 681 4130 Goll.
701 4081 731 4131 N.
752 4081 784 4130 A.
806 4085 846 4140 18,
866 4087 889 4141 5,
913 4085 951 4129 ll.
