2734 4610
553 197 594 256 ³3

466 280 676 290 Μ

8 381 51 446 od
80 381 147 468 fgt.
183 389 211 458 1,
244 379 281 467 3)
315 381 501 468 praefracto
533 384 652 450 iudicio
686 384 773 449 illam
811 387 1000 450 sententiam
1031 387 1140 452 reiecit

8 491 171 571 uitamque
201 509 288 562 rem,
319 491 357 551 ut
385 487 542 563 vidimus,
579 491 625 553 its
646 490 802 568 instituit,
840 494 878 554 ut
901 491 1019 576 ¹primo
1056 491 1139 556 libro

8 595 130 658 tensae
154 613 297 666 errores,
320 591 422 658 altero
445 594 568 658 Romae
590 596 769 680 primordio
795 600 977 660 narrentur.
1029 593 1139 674 Quam

8 699 162 762 rationem
185 719 243 762 eur
264 698 355 781 sequi
375 721 440 764 non
463 699 641 784 potuerim,
664 703 832 786 apparuit,
854 700 969 776 crede,
999 721 1039 764 ex
1061 700 1139 764 locis

8 803 290 890 grammaticorum
313 824 413 889 supra
435 801 556 880 allatis,
580 827 718 888 quorum
740 807 932 870 testimoniis
956 806 1016 870 etsi
1039 827 1139 890 parva

8 907 80 974 ides
102 907 252 972 habenda
273 912 340 984 est,
362 913 471 974 tamen
494 911 543 973 ite
564 910 714 975 instituta
736 914 785 974 est
808 911 989 975 studiorum
1014 916 1139 975 nostro-

8 1035 75 1076 rum
97 1014 181 1078 ratio
202 1016 258 1089 ut,
284 1013 346 1076 nisi
367 1013 428 1078 hec
441 1015 645 1086 ,auctoritate
668 1016 810 1080 contenti
833 1037 961 1090 sumus,
985 1015 1140 1080 destitua-

8 1141 79 1182 mur
101 1119 187 1182 omni
209 1121 299 1183 certa
320 1119 447 1184 ratione
469 1141 508 1184 ac
529 1121 622 1204 vias)
1104 1111 1106 1131 ¹

94 1327 214 1392 Utrum
254 1349 359 1392 sermo
404 1327 586 1394 Naevianus
624 1329 727 1426 mpito
767 1329 967 1432 praestiterit
1002 1331 1139 1396 Livisno

8 1455 125 1510 ennon,
158 1456 277 1500 numve
299 1433 395 1520 longe
417 1432 548 1498 relictus
571 1434 613 1498 sit
638 1434 678 1497 ab
701 1433 825 1510 Ennio,
857 1455 942 1498 nunc
970 1456 1064 1498 nemo
1095 1434 1139 1498 di-

8 1538 158 1604 indicabit
180 1561 278 1623 quum
295 1539 362 1603 sine
384 1537 484 1604 dubio
505 1539 688 1624 fragmenta
710 1562 750 1608 ex
771 1539 825 1604 illo
848 1545 996 1624 tempore
1012 1544 1139 1602 servata

8 1644 114 1709 multis
137 1645 244 1718 modis
266 1649 379 1730 postea
400 1667 462 1708 usu
484 1645 634 1728 loquendi
650 1647 777 1710 mutata
793 1646 870 1721 sint;
893 1667 951 1708 nec
966 1649 1138 1731 propterea

8 1749 91 1832 quod
121 1749 325 1836 grammatici
355 1750 482 1835 saepius
511 1771 528 1814 e
559 1748 672 1814 Naevii
702 1771 797 1833 quam
827 1751 953 1815 eLivii
974 1750 1064 1816 libris
1086 1774 1138 1814 an·

8 1854 95 1937 tique
121 1853 280 1930 vocabule
310 1854 462 1931 afferunt,
501 1849 690 1919 cori'dudere
717 1855 809 1931 iicet,
848 1853 1005 1919 Naevium
1035 1857 1138 1942 magis
1164 1883 1168 1891 ·

9 1959 230 2043 antiquitatem
260 1949 403 2024 servasse
433 1981 530 2045 quam
560 1961 707 2036 Livium3
738 1981 802 2043 quo
837 1959 1021 2045 diligentius
1053 1963 1149 2058 enim⁸

8 2065 177 2150 scriptores
199 2063 348 2150 legebant
371 2088 410 2131 eo
434 2064 528 2152 plura
550 2066 696 2150 exempla
725 2085 765 2128 cx
793 2065 831 2127 iis
854 2063 1042 2129 hauserunt.
1088 2065 1138 2130 Ne

9 2167 48 2232 de
67 2169 210 2234 versibus
234 2171 362 2253 quidem
393 2174 483 2236 certa
506 2175 575 2234 stat
595 2171 754 2236 sententia
776 2191 875 2254 quum
904 2169 1043 2236 Vahleni
1069 2171 1138 2255 pul-
1205 2242 1208 2247 ,

10 2275 282 2351 cerrimisaturnii
299 2277 400 2360 magis
416 2275 556 2340 fortasse
571 2275 764 2342 Vahleniani
780 2277 844 2340 sint
860 2298 955 2359 quam
972 2273 1136 2340 Naeviani.

9 2381 158 2446 Attamen
192 2380 381 2445 crediderim
413 2379 527 2446 Naevii
566 2403 678 2446 versus
714 2404 779 2463 non
816 2382 948 2445 cessisse
982 2379 1137 2457 Livianis‚

9 2505 102 2566 quum
124 2485 270 2550 Naevius
288 2486 435 2550 uteretur
465 2491 498 2552 et
519 2487 627 2573 patria
651 2486 762 2572 lingua
783 2489 817 2550 et
839 2490 915 2572 post
936 2486 1023 2552 Livii
1044 2509 1138 2550 eurus

8 2590 166 2655 scriberet
213 2589 454 2657 Grammaticos
474 2615 604 2676 quoque
625 2591 710 2656 Livii
731 2612 843 2656 versus
871 2591 1035 2654 saturnios
1057 2591 1138 2656 Nae·
1207 2668 1212 2676 ,

8 2697 108 2761 vienis
130 2697 353 2782 posthabuisse
376 2702 467 2783 petet
489 2719 530 2761 ex
552 2696 723 2761 Diomedis
734 2699 759 2780 2)
781 2693 887 2776 verbis
909 2695 964 2778 qui
978 2695 1136 2759 Naevium

8 2801 163 2866 invenisse
185 2805 363 2868 saturnium
384 2825 513 2868 versum
535 2804 569 2865 in
591 2802 746 2866 honorem
762 2801 814 2864 dei
832 2800 912 2865 dicit
932 2803 965 2864 et
980 2823 1021 2864 cx
1035 2800 1138 2866 Plotii

8 2904 90 2985 loeo,
125 2909 197 2992 qui,
232 2909 353 2974 omisso
385 2909 496 2984 Livio,
531 2905 690 2972 Naevium
721 2907 939 2971 saturniorum
970 2911 1136 2971 auctorem

8 3013 154 3078 nominat
164 3016 190 3098 3)
227 3013 362 3098 ·ltaque
396 3014 423 3076 si
459 3008 579 3076 Atilius
620 3011 909 3106 Fortunatianus4)
944 3011 999 3075 vix
1035 3034 1135 3076 unum

10 3117 177 3184 alterumve
199 3118 320 3184 bonum
342 3137 472 3182 versum
496 3117 584 3202 apud
606 3115 763 3182 Naevium
785 3117 942 3201 reperisse
966 3115 1026 3178 sibi
1048 3117 1135 3181 visus

10 3225 66 3300 est,
96 3224 159 3300 hoc
188 3227 276 3288 certe
305 3224 410 3313 magis
437 3222 531 3298 Atilii
552 3243 649 3306 quum
670 3220 784 3286 Naevii
811 3221 925 3284 vitium
948 3219 1020 3284 fuit.
1067 3220 1152 3286 Neo

9 3334 174 3416 propterea
197 3330 282 3412 quod
305 3329 431 3394 Ennius
454 3329 614 3392 saturnios
637 3349 753 3392 versus
771 3327 917 3390 nominat
946 3347 1026 3409 quos
1057 3325 1134 3390 olim

9 3431 104 3498 Fauni
130 3438 286 3518 vatesque
319 3433 512 3516 canebant⁵)
539 3435 598 3496 aut
633 3433 721 3516 quod
755 3431 914 3496 Horatius
954 3432 1134 3496 saturnium

10 3535 168 3604 horridum
190 3543 225 3604 et
247 3561 345 3630 gpave
368 3540 457 3604 virus
480 3535 656 3624 adpellstss)
690 3537 863 3602 statuimus
886 3535 957 3600 illos
989 3537 1044 3618 qui
1073 3534 1159 3599 hoc·

9 3649 103 3710 metro
125 3647 184 3710 usi
214 3645 298 3720 sint,
332 3643 513 3736 inconditos
547 3665 660 3708 versus
695 3642 857 3727 pepigisse
865 3688 876 3717 „
916 3661 1054 3723 namque
1087 3640 1134 3704 illi

72 3825 90 3883 ¹)
108 3823 270 3872 Hermsnnns
290 3837 391 3886 quoqne
410 3823 482 3872 elem.
501 3837 526 3885 p.
541 3827 590 3870 629
609 3836 662 3870 non
675 3821 751 3895 audet
768 3819 794 3868 in
813 3820 862 3897 irae
880 3833 908 3868 re
921 3817 1133 3868 libiornm‘fidem

9 3921 124 3969 spernere.
148 3935 184 3945 -
207 3910 228 3972 ²)
249 3909 281 3960 cs.
300 3911 441 3959 Diomedes
458 3925 483 3972 p.
503 3908 605 3957 512‘11.
628 3933 663 3958 ‹-
694 3907 715 3968 ³)
735 3905 766 3956 cf.
786 3907 884 3956 Plotius
911 3921 935 3969 p.
956 3911 1025 3954 2650
1043 3905 1073 3956 P.
1096 3932 1132 3942 —

8 3997 26 4054 ⁴)
43 3997 72 4045 ct.
91 4013 114 4062 p.
134 4001 202 4048 2679
222 3999 311 4047 P.·-
336 3998 358 4058 ⁶)
377 3997 409 4047 ei.
429 3997 505 4046 Vahl.
531 3990 597 4044 Enii.
616 4010 675 4045 ann.
696 3997 720 4057 7,
739 3999 762 4048 1.
789 4019 820 4028 -
847 3995 868 4054 θ)
887 3992 920 4044 et.
945 3991 1008 4042 Hor.
1028 4008 1086 4060 epp.
1106 3999 1133 4054 2,

12 4087 30 4142 1,
49 4089 101 4135 156.

895 4191 909 4234 3
