2734 4610
772 183 815 242 ao

228 367 372 442 sentiret,
396 367 507 452 quieto
523 369 573 432 est
596 367 702 432 animo
724 369 769 450 (2,
794 367 1003 448 1)invitstur
1018 388 1037 429 a
1052 363 1183 450 Didone
1204 366 1329 430 instro

229 477 348 556 torque
363 473 488 558 epulae
495 477 540 555 (1,
561 477 623 556 13).
657 472 783 538 Aeneas
801 473 897 556 jubet
917 497 936 536 a
951 495 1024 536 navr
1014 473 1100 538 sibi
1113 469 1231 536 afferri
1250 494 1314 536 ves

170 643 173 648 .
228 601 324 662 quam
346 577 470 642 Didoni
498 577 591 642 daret
612 578 685 660 (ino.
707 585 727 642 4
750 577 790 642 of.
815 579 913 662 Verg.
937 581 1017 642 Aen.
1046 586 1083 654 1·‚
1108 581 1196 661 650).
1251 577 1328 642 Pos

180 745 185 748 ,
227 683 317 749 Dido
340 704 412 747 eum
428 686 639 768 percontatur
662 705 724 768 quo
748 683 844 748 modo
860 684 960 750 Troia
975 685 1098 748 venerit
1120 685 1165 766 (1,
1193 685 1269 766 14).

228 811 304 855 naras
327 791 360 852 et
382 809 507 852 errores
535 786 624 852 brevi
651 795 781 854 enarrat
811 792 845 854 et
866 788 999 854 ultimae
1028 789 1133 854 noetis
1161 787 1306 852 labores

118 909 121 914 '
228 895 322 980 ponit
351 914 416 976 qua
445 893 478 956 in
504 895 689 958 narratione
714 895 827 964 ,onneti
853 894 1063 960 Dardanidae
1094 892 1201 960 simule
1216 893 1322 959 mter

229 999 387 1065 rumitant
408 998 482 1080 (me.
507 1004 525 1061 6
549 997 589 1062 ef.
606 1001 687 1063 Aen.
714 1008 742 1074 1,
767 1001 865 1084 560);.
879 1001 913 1064 in
935 1000 996 1064 hae
1018 1001 1113 1063 noete
1132 997 1263 1068 Vennu-¹
1278 1019 1320 1062 ne

229 1103 293 1166 lam
321 1125 385 1186 qua
407 1102 597 1188 plerumque
626 1104 709 1168 oeuli
739 1103 904 1168 hominum
933 1104 1025 1169 effusi
1048 1106 1142 1180 sunt,
1174 1102 1218 1166 ab
1239 1105 1319 1166 Aen

156 1245 158 1252 ,
230 1206 330 1272 oculis
352 1207 492 1293 dempsit
515 1211 553 1272 ut
575 1209 709 1274 deorum
724 1211 856 1274 numina
878 1209 1003 1273 videret
1025 1227 1109 1293 quae
1122 1209 1261 1272 Troiam
1288 1229 1348 1273 ever

229 1315 337 1379 terent
362 1317 413 1394 (2,
444 1317 522 1384 aet
546 1323 564 1378 7
588 1313 798 1391 11111112,
828 1317 916 1398 612).
965 1313 1084 1384 Graeci
1117 1317 1225 1380 totam
1254 1313 1333 1378 urbe

187 1491 189 1497 ,
230 1423 328 1503 atqua
364 1419 511 1504 inprimis
540 1419 663 1483 Priami
702 1419 834 1484 domum
862 1419 971 1484 delent
999 1419 1073 1503 (ino.
1103 1425 1144 1502 2)
1198 1419 1331 1505 Deipho

138 1585 139 1588 ,
230 1545 358 1609 quoque
380 1524 511 1587 domum
527 1523 691 1608 Verg'lius
715 1524 808 1606 (Aen.
834 1532 863 1600 2,
888 1531 964 1608 311)
981 1524 1059 1588 dioit
1074 1524 1215 1610 amplam
1239 1526 1331 1588 ruina

134 1643 135 1648 ’
203 1657 206 1664 s
229 1630 355 1694 dedisse
371 1626 515 1694 Volcano
531 1632 716 1713 superante,
740 1651 813 1692 eum
829 1651 893 1712 que
914 1653 950 1694 re
972 1630 1110 1695 conferri
1124 1633 1236 1716 potest
1252 1629 1348 1694 Naevi

229 1734 448 1818 fragmentum
485 1733 545 1796 ine.
580 1740 629 1796 10.
682 1732 787 1798 Simili
819 1735 952 1800 audacia
980 1734 1200 1820 fragmentum
1231 1736 1289 1801 ino.
1324 1741 1348 1796 11

230 1861 344 1922 ,quam
367 1837 524 1921 liquidum
554 1848 702 1902 amnem“
733 1839 901 1904 inserimus
923 1842 956 1904 in
978 1840 1067 1906 illum
1095 1841 1202 1906 looum
1226 1840 1347 1904 ubilis

114 2012 117 2022 f
231 1965 307 2030 neas
329 1943 408 2008 dioit
430 1942 492 2007 sibi
514 1948 646 2029 penates
675 1946 823 2030 attigisse
845 1945 935 2011 nefas
956 1968 1025 2011 esse
1053 1946 1154 2011 donee
1177 1967 1211 2011 se
1232 1945 1346 2008 flumin

229 2050 304 2115 vivo
326 2049 466 2114 abluerit
487 2049 540 2129 (of.
563 2049 645 2113 Aen.
671 2057 700 2126 2,
726 2059 744 2114 7
749 2056 813 2133 20).
859 2052 994 2116 Praeter
1017 2051 1096 2116 haee
1118 2053 1269 2118 videntur
1285 2048 1346 2114 Car·

229 2154 403 2240 thoginis'
394 2155 454 2218 mit
455 2155 486 2216 ia
512 2156 609 2237 atque
630 2177 710 2240 opes
733 2161 766 2221 et
788 2155 927 2222 Didonis
950 2178 1041 2222 amor
1063 2177 1153 2241 erga
1164 2157 1309 2220 Aeneam
1330 2158 1346 2217 ir

229 2260 290 2325 hoo
312 2258 395 2323 libro
417 2259 580 2344 descripta
545 2258 709 2324 trmfuisse

318 2364 459 2430 Librot
444 2367 495 2428 ter
497 2365 542 2429 tio
497 2353 684 2430 tAeneas
706 2366 768 2430 iter
790 2387 928 2452 pergens
943 2363 1031 2428 venit
1054 2364 1095 2427 ad
1117 2315 1194 2428 litus
1209 2365 1347 2430 ltalioun

231 2469 287 2534 ubi
310 2469 482 2554 augurium
498 2472 622 2556 accipit.
661 2473 763 2537 Recte
730 2471 868 2536 tanim
889 2468 1108 2552 fragmentum
1133 2476 1160 2542 1,
1179 2469 1348 2536 21111101

36 2617 39 2624 -
158 2603 165 2617 =
231 2575 378 2660 posuisse
389 2574 628 2640 Klussmannus
644 2575 773 2640 videtur
788 2573 985 2656 obsequutus
1002 2572 1148 2638 oodioum
1164 2595 1223 2638 auo
1224 2577 1327 2640 torita
1339 2577 1345 2616 '1

232 2703 328 2764 quarn
343 2680 502 2744 rationem
519 2681 693 2756 Vahlenus‚
716 2669 803 2742 nulla
819 2700 915 2743 eausa
930 2679 1050 2756 addita,
1066 2680 1238 2764 vituperat.
1261 2681 1348 2747 Bene

231 2786 317 2850 enim
331 2785 395 2848 iam
410 2785 648 2850 Klussmannus
665 2784 893 2850 animadvertit
915 2784 1017 2849 simile
1037 2785 1206 2870 augurium
1225 2787 1347 2851 inveni'

231 2889 319 2975 apud
340 2890 520 2976 Vergilium
533 2897 574 2974 1),
602 2889 657 2954 ubi
687 2890 774 2974 apud
795 2889 958 2979 Misenum
987 2892 1242 2974 promontorium
1264 2915 1337 2956 orne

97 3031 98 3034 ¹
232 2996 348 3081 ancipit
369 2996 525 3062 Anchises
547 3015 649 3082 prope
672 2995 846 3080 templnm3
869 2996 901 3058 in
925 2997 988 3080 qna
1009 3018 1045 3060 re
1064 2998 1230 3081 utriusque
1244 3003 1339 3082 poeta

210 3103 376 3176 'narratio
396 3124 436 3167 eo
457 3105 585 3167 tontum
609 3099 716 3164 differt
738 3100 826 3184 quod
847 3097 1011 3187 Vergilius
1033 3123 1199 3187 equorum,
1220 3102 1339 3170 Naevio

232 3209 337 3272 avium
361 3229 455 3272 omen
478 3204 621 3269 oblatum
645 3228 714 3270 esse
735 3210 856 3271 narrat.
1349 3191 1350 3276 l

228 3305 230 3310 ¹
252 3315 255 3322 '
320 3315 360 3378 ln
379 3311 492 3377 eodem
519 3309 602 3374 libro
624 3310 765 3376 Naevius
787 3313 920 3378 Romae:
940 3313 1079 3400 explieat
1107 3313 1269 3408 originem,
1292 3307 1350 3382 Rol

233 3420 338 3484 mulus
359 3418 464 3483 oritur
486 3438 526 3480 ex
548 3416 617 3492 llia,
641 3417 849 3484 Aeneaelilia
871 3422 914 3500 (2,
940 3423 983 3502 3),
1006 3417 1155 3483 Amulius
1180 3439 1232 3484 rex
1253 3419 1350 3486 Alban

232 3527 367 3610 Longae
392 3522 513 3584 sororis
541 3521 642 3586 filium
665 3527 830 3606 repertum
854 3545 923 3588 esse
938 3525 1062 3609 gaudet
1084 3527 1128 3606 (2,
1153 3531 1185 3603 2)
1205 3525 1350 3592 Romulus

232 3627 1060 3711 1111111111(4)11Ρ11111111(1,1)11111.
1106 3629 1350 3716 Multaquoqne

233 3731 434 3799 sacrificia
409 3753 477 3796 sme
499 3731 597 3798 dubio
619 3733 682 3799 lioo
702 3733 786 3802 libro
806 3735 897 3799 instit
883 3733 1058 3799 tuebantur
1073 3758 1207 3820 quorum
1227 3738 1276 3801 uni
1295 3741 1350 3803 tri

232 3839 361 3906 bnimus
384 3838 508 3904 atrocia
529 3841 604 3904 exta
627 3862 708 3925 quae
731 3843 909 3906 memorant
911 3860 950 3907 ur.
971 3839 1154 3927 fragmento
1177 3848 1205 3917 3,
1228 3849 1251 3904 1.
1349 3899 1350 3910 .

306 4072 375 4132 ι)11.
395 4073 461 4123 Aen.
481 4078 505 4134 3,
526 4077 584 4122 540.
