2734 4610
557 171 597 278 a

403 308 406 311 r
471 303 680 314 ——.-.-—-

11 510 199 575 rocabulum
216 507 396 590 ,Samnite“
406 513 432 593 ¹)
446 533 540 575 nemo
556 514 659 575 totam
676 512 833 577 bellorum
850 533 923 574 cum
940 506 1142 574 Samnitibus

11 620 175 698 gestorum
198 617 311 680 seriem
333 617 366 679 in
388 619 535 680 nostrum
558 639 686 680 carmen
708 618 836 680 inseret.
876 613 979 679 Simili
1002 634 1079 678 vero
1101 633 1141 676 ex

11 743 121 784 caussa
143 743 208 804 qua
230 722 262 784 in
286 721 390 784 medio
414 722 553 784 carmine
574 743 684 786 omnes
707 721 783 808 alias
808 741 857 785 ree
874 719 992 795 omisit,
1016 738 1141 782 censeo·
1206 717 1211 726 '

11 849 78 889 nus
102 823 232 890 necesse
254 829 316 901 est,
336 826 425 888 illum
449 841 522 891 cum
544 827 615 912 ipsa
638 847 716 912 pace
739 847 868 890 carmen
891 825 986 890 simul
1008 847 1045 888 ac
1067 822 1141 886 belli

11 931 255 1016 lescriptionem
275 931 403 994 finiisse.
449 931 518 996 Neo
539 929 688 1016 profecto
717 932 810 995 video
839 929 1003 1014 quomodo
1033 932 1140 1014 poeta,

11 1039 61 1119 lui
86 1040 226 1120 quatuor
252 1035 342 1100 libris
372 1035 489 1100 bellum
513 1037 672 1102 Punicum
703 1037 842 1121 primum
871 1033 1058 1120 complexus
1080 1036 1140 1107 est,
1217 1035 1221 1044 “

11 1142 126 1206 ultimo
148 1140 231 1206 libro
253 1141 413 1226 potuisset
434 1141 530 1205 etiam
547 1138 735 1206 brevissime
752 1163 861 1204 omnes
877 1161 1004 1225 pugnas
1019 1143 1141 1202 omnes-

11 1267 71 1330 que
95 1269 185 1310 casus
207 1245 356 1332 colligere
379 1245 495 1331 quibus
517 1247 623 1311 Roma
645 1245 686 1310 ad
708 1247 855 1310 ultimam
878 1245 946 1309 fere
968 1244 1140 1330 perniciem

11 1351 258 1438 propellebatur.
306 1354 415 1436 Atque
440 1351 626 1416 inscribitur
656 1374 733 1416 sane
764 1372 891 1416 carmen
921 1349 1054 1430 ,bellum
1078 1347 1141 1413 Pu·
1178 1375 1180 1382 ’

11 1459 132 1522 ricum“
154 1461 192 1521 ut
215 1479 254 1521 ex
275 1456 335 1522 hac
357 1461 450 1543 parte
465 1460 576 1544 pateat
597 1460 635 1521 ut
657 1459 754 1521 etiam
778 1455 909 1520 secundi
924 1454 997 1518 belli
1012 1456 1140 1538 partem

11 1565 37 1626 in
62 1585 192 1627 carmen
215 1565 363 1627 nostrum
385 1563 605 1638 inferciamua
629 1563 685 1626 sed
707 1563 848 1646 primum
871 1563 998 1624 tantum
1023 1556 1142 1622 bellum
1173 1561 1189 1612 '-

11 1669 168 1732 Punicum
186 1672 316 1754 aposta
338 1669 536 1753 descriptum
554 1689 623 1732 esse
645 1649 706 1732 nisi
722 1668 782 1732 hae
802 1667 891 1752 ipsae
906 1665 1047 1732 rationes
1063 1663 1141 1726 satis

11 1775 174 1850 evincunt,
210 1775 385 1838 ostendunt
418 1774 483 1838 duo
517 1774 577 1838 loci
609 1771 706 1838 Gellii
736 1777 768 1837 et
803 1769 970 1836 Ciceronis
1000 1778 1141 1854 'quorum

11 1877 107 1943 Gellii
123 1879 253 1962 quidem
269 1880 488 1944 testimonium
510 1872 575 1943 iam
593 1901 692 1964 supra
714 1869 891 1951 attulimus,
915 1877 971 1960 qui
984 1874 1142 1941 Varronis

11 1983 109 2049 rerba
137 1984 219 2048 haec
247 1983 316 2049 fere
345 1985 473 2060 laudat,
505 1983 663 2048 Naevium
694 1981 855 2068 stipendia
883 1981 1037 2044 meruisse
1060 1979 1143 2044 bello

11 2087 132 2153 Punico
161 2091 267 2174 primo
298 2091 394 2174 idque
423 2092 528 2176 ipsum
559 2087 716 2154 Naevium
747 2088 854 2152 dicere
883 2088 916 2150 in
939 2107 978 2151 eo
1002 2073 1142 2149 carmine

11 2195 97 2276 quod
125 2196 168 2259 'de
198 2195 311 2260 eodem
343 2195 425 2260 bello
456 2195 630 2281 scripserit.
689 2193 803 2259 Cicero
815 2197 842 2277 2)
868 2213 944 2256 vero
976 2192 1036 2272 ,sit
1066 2211 1143 2253 sane

11 2297 142 2374 Ennius,
165 2301 281 2384 inquit,
305 2305 343 2366 ut
358 2305 408 2365 est
426 2303 513 2365 certe
530 2300 718 2386 perfectior:
743 2299 796 2384 qui
813 2299 839 2362 si
854 2298 944 2362 illum
959 2298 998 2360 ut
1013 2295 1144 2360 simulat

11 2408 247 2482 contemneret,
276 2427 340 2470 non
363 2408 471 2470 omnia
493 2405 576 2470 bella
598 2389 956 2491 persequensprimum
978 2401 1057 2465 illud
1080 2401 1143 2466 Pu-

11 2510 117 2574 uicum
140 2513 330 2574 acerrimum
346 2511 465 2599 bellum
481 2511 696 2595 reliquisset.“
734 2510 880 2575 Primum
903 2509 1004 2594 igitur
1025 2507 1143 2572 bellum

11 2613 172 2680 Punicum
193 2618 324 2703 eiusque
347 2617 486 2702 origines
507 2615 666 2695 Naevius,
679 2616 820 2680 carmine
848 2613 1035 2699 descripsit,
1066 2599 1144 2675 nillil

12 2722 191 2805 praeterea.
266 2706 269 2713 ¹
910 2752 913 2782 r
985 2780 987 2784 .

33 2845 37 2848 ·
101 2825 218 2909 ltaque
239 2849 336 2912 quum
361 2827 439 2891 fines
454 2827 608 2892 Naeviani
628 2826 778 2892 carminis
799 2823 1062 2910 descripserimus
1085 2822 1144 2885 sina

14 2931 227 3016 gulorumque
247 2931 405 2997 librorum
429 2936 656 3018 argumentum
685 2931 971 3017 grammaticorum
1001 2929 1146 2992 testimo-

15 3037 71 3100 niis
110 3039 384 3113 exstruxerimus,
422 3039 530 3104 licebit
558 3041 622 3102 iam
653 3037 838 3121 inquirere,
876 3057 953 3099 num
986 3032 1146 3100 nonnullis

17 3140 201 3226 fragmentis
225 3165 306 3228 quae
326 3145 469 3209 incertae
492 3145 575 3208 sedis
597 3125 762 3217 feruntur,
792 3144 916 3215 certum
941 3141 1078 3224 aliquem
1102 3139 1146 3202 lo-

18 3267 85 3310 cum
107 3247 277 3334 designare
297 3251 468 3336 possimus.
514 3246 577 3314 Est
599 3249 661 3313 hoc
683 3248 812 3332 quidem
835 3244 996 3319 hariolari,
1020 3265 1079 3309 nee
1094 3245 1146 3308 de·
1171 3271 1189 3280 ⁴*

17 3373 81 3418 esse
104 3357 204 3440 puto,
237 3353 392 3438 quivhaeo
419 3356 602 3420 commenta
628 3353 808 3427 derideant,
840 3351 897 3416 sed
919 3355 957 3415 ut
979 3349 1069 3414 illum
1093 3350 1147 3433 qui

18 3481 72 3542 per
99 3459 211 3524 ruinas
234 3458 379 3524 ambulat
401 3461 561 3524 somniare
584 3481 649 3523 non
672 3458 806 3523 dedecet
832 3457 879 3521 sic
901 3454 954 3521 ille
967 3475 970 3483 ’
984 3457 1039 3541 qui
1061 3454 1145 3540 frag-

20 3568 122 3628 menta
137 3565 261 3628 tractat
277 3587 391 3650 parum
403 3565 482 3648 quid
497 3555 610 3629 fecerit
625 3565 651 3627 si
663 3563 746 3628 hanc
760 3579 831 3628 ¹rem
848 3563 977 3626 omnino
992 3562 1146 3624 intactam

18 3668 189 3752 reliquerit.
324 3666 331 3671 ¹

100 3773 296 3858 Priusquam
328 3779 436 3841 autem
469 3774 614 3860 priorum
645 3773 755 3837 trium·
778 3773 936 3837 librorum
966 3769 1148 3856 fragmenta

21 3877 257 3955 distribuamus,
275 3881 596 3967 circumspiciendum
620 3882 670 3944 est
693 3901 757 3964 quo
774 3879 902 3943 ducein
919 3874 1148 3961 multiplicibus

87 4096 106 4156 ¹)
126 4094 202 4143 Vahl.
219 4095 270 4143 inc.
294 4099 331 4144 13.
351 4117 384 4129 -
405 4095 426 4153 ²)
446 4091 477 4142 cl.
498 4091 551 4142 Cic.
571 4093 643 4142 Brut.
666 4095 705 4150 18,
726 4091 766 4140 79.
