2712 4630
743 161 803 220 108

209 347 337 434 pressit,
358 347 471 412 eadem
484 339 543 413 ¹est
563 369 614 412 res
636 369 734 433 quam
748 349 781 413 in
797 345 980 414 Corollaria
998 345 1261 421 observavimus,
1279 367 1326 408 nan

209 452 297 518 illam
319 475 446 538 quoque
467 475 507 518 ex
531 451 657 519 Graeca
684 451 927 539 στεφανοπώλιδι
956 473 1162 540 expressam
1193 461 1259 515 es'se
1283 472 1326 514 cer-

210 581 345 624 surmus.
359 611 361 615 s

282 757 293 770 ·
406 751 545 841 urvo.
605 755 786 860 usco
811 751 1185 840 PRAEGNANS.

170 919 180 930 ”
258 941 261 952 ·
281 911 314 962 ci.
331 913 454 962 Ribbeck.
473 927 537 963 com.
556 913 600 964 rel.
618 930 642 978 p.
663 916 721 964 m·

297 1031 350 1098 De
372 1032 432 1098 hac
454 1015 563 1098 fabula
583 1057 667 1100 nunc
688 1035 743 1099 vix
772 1034 810 1098 lis
840 1036 894 1099 est
915 1035 1001 1098 inter
1036 1034 1132 1099 viros
1146 1029 1322 1120 «philologos

211 1135 397 1202 ferebantur
420 1140 503 1203 enim
531 1139 591 1204 sub
621 1140 689 1205 eius
718 1140 845 1205 nomine
873 1142 1014 1224 quatuor
1044 1138 1254 1224 fragmenta,
1277 1155 1321 1218 qua

211 1264 284 1307 rum
306 1265 406 1307 unum
416 1247 441 1326 1)
462 1248 550 1310 recte
572 1268 656 1327 nunc
677 1247 709 1309 in
731 1246 861 1310 incertis
876 1243 990 1310 Naevii
1006 1243 1257 1310 comoediarum
1269 1239 1321 1322 frag-

213 1347 327 1411 mentis
347 1347 507 1438 legitur2)‚
531 1351 668 1416 alterum
690 1372 766 1417 vero
790 1351 877 1442 quod
898 1336 1011 1414 laudat
1035 1349 1170 1415 Festus
1179 1351 1205 1431 Β)
1224 1344 1320 1422 „Lirin

213 1452 246 1515 in
274 1451 400 1539 Virgo“
435 1460 521 1522 recte
554 1457 694 1522 correxit
722 1455 917 1521 Ribbeckius
947 1456 1003 1541 qui
1039 1454 1128 1542 legit
1161 1443 1284 1532 ,miuus
1305 1449 1319 1509 ir

212 1557 355 1645 Verpo“.
399 1560 538 1625 Restant
571 1562 636 1626 duo
668 1558 850 1648 fragmenta
877 1559 974 1625 Novii
997 1557 1147 1626 'nomine
1180 1556 1318 1622 lauduna

213 1660 348 1746 Noniae)
371 1686 508 1749 quorum
531 1667 620 1751 prius
642 1650 856 1754 Priscianus5)
870 1667 925 1730 'ita
947 1664 1069 1731 refert:
1095 1664 1226 1732 Nonius
1247 1663 1314 1723 tanen

212 1767 386 1834 Marcellus
410 1770 605 1837 demutatis
628 1772 907 1858 coniugationibus
934 1773 979 1836 sic
1008 1773 1127 1859 ponit:
1166 1767 1262 1856 sapivi
1276 1783 1308 1848 pro

214 1875 334 1961 sapui„
361 1873 484 1941 Novius
506 1878 539 1940 in
561 1878 695 1964 Virgine
718 1879 931 1964 praegnante:

388 1985 391 1990 '
449 1974 451 1978 ’
803 1982 930 2067 quando
954 2005 1015 2068 ego

302 2066 382 2150 Plus
405 2087 506 2174 sapivi
528 2089 605 2174 quin
626 2087 778 2153 fullonem
802 2087 976 2174 compressi
998 2083 1285 2176 quinquatrubus“.

217 2188 293 2270 Quo
320 2191 392 2256 loco
416 2193 486 2258 cod.
508 2193 760 2269 Dr.,‚‚Nevius“
791 2193 860 2257 cod.
884 2193 922 2257 B.
946 2191 1141 2270 ‚‚Naevius“
1162 2191 1249 2276 legit.
1285 2180 1313 2246 St

213 2297 339 2372 ratione
361 2297 567 2385 diplomatica
588 2299 651 2362 iam
675 2300 819 2374 constat,
846 2297 942 2362 Novii
963 2297 1047 2363 hanc
1070 2297 1220 2364 fabulam
1240 2291 1314 2357 fuisso

214 2422 311 2484 quam
333 2423 401 2465 rem
424 2403 543 2488 probat
572 2403 678 2489 ipsum
691 2483 692 2488 η
706 2402 834 2468 fabulae
856 2424 972 2468 nomen
995 2406 1027 2468 et
1048 2402 1133 2468 fullo
1159 2401 1214 2488 qui
1235 2396 1313 2482 fgtol

90 2507 95 2514 ’
168 2521 170 2529 ⁴
214 2507 414 2584 nominatum
445 2509 505 2573 etsi
534 2509 618 2573 enim
646 2507 781 2573 fullones
810 2509 906 2573 etism
928 2507 1069 2573 Naevius
1095 2514 1315 2574 commemorare

215 2613 332 2698 potuit,
356 2616 465 2680 tamen
488 2614 659 2700 praecipue
680 2601 713 2678 in
736 2613 879 2678 atellanis
902 2609 1086 2679 occurrunt.

285 2843 356 2911 ¹).⁰f·
375 2845 460 2894 Diem.
479 2862 503 2910 p.
523 2847 574 2895 370
592 2846 620 2894 Ρ.
640 2843 672 2894 ci.
690 2845 769 2895 Prisc.
788 2861 812 2910 p.
832 2847 882 2894 875
902 2845 930 2895 Ρ.
949 2855 973 2894 et
1000 2849 1049 2894 905
1070 2845 1099 2895 P.
1122 2871 1155 2878 -
1183 2841 1204 2904 ¹)
1222 2826 1313 2888 Ribbeck.

213 2930 262 2980 ine.
286 2935 323 2980 ro.
344 2957 376 2966 —
396 2933 417 2994 ³)
435 2948 459 2998 p.
483 2933 531 2982 174
549 2933 584 2982 Μ.
603 2955 630 2967 ω
652 2933 674 2994 ⁴)
693 2949 717 2998 p.
737 2938 787 2983 sos
807 2941 832 2982 er
851 2938 908 2982 516.
927 2959 959 2968 -
979 2933 1000 2994 ⁵)
1019 2949 1043 2998 p.
1065 2935 1116 2983 ssa
1137 2931 1166 2982 P.
1189 2931 1237 2978 ros
1255 2921 1281 2971 Η.
1335 2955 1336 2980 1

605 3161 921 3176 ⁸.—......-....-------..---..

300 3353 416 3412 Incerta
442 3353 607 3428 fragmenta
633 3354 812 3425 fabularum,
841 3373 931 3433 quum
952 3354 1008 3415 vix
1030 3354 1192 3436 quidquam
1214 3335 1314 3408 efficiat

214 3459 251 3518 ed
273 3457 506 3535 intellegendum
528 3458 636 3519 Naevii
656 3459 817 3535 ingenium,
840 3479 917 3520 nunc
940 3459 1115 3520 omittimus.
1334 3495 1336 3557 3

1333 3649 1335 3714 u
