2712 4630
762 157 935 216 64·

677 243 886 254 affl

495 456 498 464 .
532 343 605 476 u.
635 389 1031 480 ALOESTIS.

287 557 318 608 ri.
340 556 479 610 Weichert.
496 567 563 630 poet.
583 557 627 606 lat.
645 559 691 612 rel.
710 574 736 622 p.
756 563 789 608 54
808 573 865 622 sqq.

302 691 427 759 Nonius
437 699 460 776 ¹)
484 693 579 761 dicit:
602 693 759 777 „Naevius
782 694 814 758 in
837 695 992 759 carmine:
1018 675 1232 780 Corporeque
1249 715 1317 780 pec

215 821 313 884 reque
335 800 476 883 undique
506 799 605 865 obeso
628 823 666 864 oc
697 795 803 865 mente
825 809 976 877 exsensa,
1007 799 1214 885 tardigenulo
1238 801 1313 862 seni·

303 904 427 970 Eadem
450 903 549 969 verba
570 905 723 991 leguntur
745 906 831 991 apud
845 903 1018 990 Gellium²)
1038 926 1054 969 e
1077 905 1189 969 Laevii
1215 927 1316 968 earm

215 1004 389 1074 Alcestide.
424 1010 460 1074 si
482 1011 582 1097 igitur
604 1008 759 1076 Nonianis
782 1008 870 1074 libris
894 1032 972 1096 prae
988 1007 1142 1074 Gellianis
1158 1007 1242 1074 fides
1259 1032 1317 1074 ess

215 1115 372 1181 Naevium
407 1115 599 1180 haberemus
634 1119 799 1180 auctorem
823 1115 998 1179 Alcestidis
1032 1110 1191 1178 carminis.
1251 1116 1307 1179 Au

152 1277 153 1282 ,
217 1221 332 1306 optimi
357 1219 452 1288 Gellii
476 1221 549 1286 libri
572 1221 685 1286 Laevii
714 1243 830 1284 nomen
861 1220 1014 1284 exhibent
1036 1223 1069 1284 et
1091 1221 1179 1305 ipsae
1203 1222 1317 1284 carmi

216 1326 378 1410 reliquiae,
409 1347 489 1411 quas
519 1327 573 1391 illo
601 1327 673 1391 loco
706 1325 831 1391 Gellius
856 1325 982 1402 laudat,
1020 1329 1132 1411 aperte
1164 1325 1317 1389 ostendu

216 1453 281 1504 non
296 1431 410 1497 Naevii
433 1433 511 1496 illud
534 1455 662 1496 carmen
685 1427 797 1508 fuisse3
822 1455 917 1520 qulam
940 1454 1008 1496 rem
1033 1453 1132 1514 quum
1144 1429 1316 1506 Weichero

217 1538 365 1608 omnibus
380 1538 521 1602 numeris
538 1537 817 1614 demonstraverit,
842 1536 1050 1622 supersedere
1066 1559 1242 1622 possumus
1259 1535 1317 1601 lon

217 1643 448 1730 disputatione,
472 1637 661 1727 praesertim
685 1664 784 1726 quum
808 1664 918 1706 omnes
940 1643 1001 1706 viri
1023 1641 1110 1707 docti
1134 1665 1197 1706 una
1221 1665 1317 1708 voce¹

178 1763 179 1770 ’
217 1748 277 1813 hac
299 1769 334 1812 re
357 1728 568 1812 consentiant.
654 1743 658 1749 ’

403 2035 406 2042 -
463 1981 568 2058 VI.
612 1975 1101 2093 ALIMONIUM
1336 2050 1337 2098 1

597 2134 711 2212 Remi
735 2134 970 2199 etRomuli.
1047 2145 1052 2154 '
1192 2175 1194 2180 .
1229 2163 1232 2168 ·
1337 2158 1338 2214 ι

289 2293 740 2360 mmmmmpm
1338 2268 1339 2328 l

238 2519 241 2526 .
304 2431 404 2516 Apud
419 2431 606 2496 Terentium
631 2433 663 2497 in
679 2432 836 2519 Adelphis
853 2430 1011 2517 Ctesipho
1029 2434 1062 2496 et
1079 2429 1182 2516 Syrus
1203 2431 1246 2496 de
1262 2435 1333 2518 patre

218 2533 441 2622 Ctesiphontis
474 2536 701 2622 colloquuntur
738 2561 837 2623 quum
866 2537 974 2602 subito
1008 2535 1110 2623 Syrus
1140 2538 1334 2622 perterritus:

216 2642 357 2728 ,Lupus
381 2643 494 2728 inquit,
518 2645 549 2707 in
573 2643 713 2720 fabula;“
752 2646 888 2731 apparet
910 2643 993 2707 enim
1017 2644 1086 2729 ipse
1107 2645 1202 2728 pater
1226 2643 1267 2706 de
1290 2664 1336 2725 quo

106 2767 109 2774 ·
148 2811 151 2820 ,
216 2769 321 2810 sermo
345 2752 425 2812 erat.
472 2747 578 2829 Quem
606 2750 711 2813 locum
739 2753 777 2813 ut
807 2748 945 2834 explicet
966 2747 1119 2833 Donatus
1141 2747 1220 2812 haec
1239 2749 1336 2812 addit:

218 2851 343 2917 Silentii
371 2853 504 2916 indictio
527 2858 577 2917 est
599 2855 632 2917 in
654 2855 715 2918 hoe
737 2854 910 2940 proverbio
934 2855 1032 2938 atque
1056 2853 1211 2918 eiusmodi
1236 2850 1338 2918 silenti

215 2957 265 3021 vel
287 2958 320 3020 in
342 2958 413 3044 ipso
434 2957 534 3023 verbo
556 2962 594 3023 ut
615 2959 687 3045 ipsa
710 2958 818 3023 fabula
840 2959 1051 3024 conticescat:
1077 2961 1151 3043 quia
1172 2958 1287 3044 lupum
1309 2958 1338 3022 ιι-

216 3062 301 3126 disse
323 3062 468 3127 homines
491 3064 626 3128 dicimus
650 3066 705 3148 qui
727 3068 859 3152 repente
882 3064 1111 3130 obmutuerint.
1145 3063 1211 3127 Alii
1233 3065 1339 3150 putant

216 3189 256 3231 ex
278 3169 441 3232 nutricum
463 3167 582 3234 fabulis
604 3176 718 3235 uatum
740 3193 859 3258 pueros
882 3170 1114 3236 ludificantium
1138 3172 1265 3233 terrore
1284 3165 1339 3252 lupi

216 3273 383 3360 paullatim
409 3273 524 3360 Capua
557 3277 712 3342 venientis
746 3299 848 3362 usque
878 3277 919 3340 ad
948 3276 1044 3340 limen
1074 3273 1220 3339 cubiculi.
1266 3272 1339 3338 Nan

215 3377 332 3442 falsum
356 3379 514 3462 estquod
537 3379 665 3456 dieitur,
688 3383 896 3447 intervenisse
925 3381 1037 3468 lupum
1060 3379 1241 3446 Naevianae
1263 3378 1339 3442 fabu¹

215 3483 267 3548 lae
300 3483 450 3547 alimonio
484 3485 578 3550 Remi
611 3489 644 3549 et
670 3487 800 3552 Romuli
832 3488 910 3551 dum
943 3488 976 3550 in
1010 3480 1140 3550 theatro
1172 3487 1339 3570 ageretur:ss

216 3587 339 3653 Utrum
373 3590 474 3676 igitur
505 3591 711 3675 proverbium
741 3593 902 3658 silentium
928 3591 1049 3656 indicat
1076 3614 1117 3655 an
1146 3589 1233 3654 aliud
1262 3587 1339 3674 quid,

180 3669 191 3698 ¹
216 3694 341 3782 Donati
364 3718 415 3760 res
437 3697 491 3773 sit,
514 3696 592 3764 haec
613 3700 678 3764 tria
700 3703 786 3765 certe
807 3699 960 3763 discimus
979 3719 1019 3762 ex
1034 3696 1118 3761 illius
1133 3695 1256 3761 verbis:
1278 3716 1339 3780 pro-

101 3841 105 3848 ·
216 3799 362 3865 verbium
396 3800 494 3868 fuisse
527 3805 644 3892 „lupus
672 3805 704 3869 in
734 3803 874 3881 fabula“,
909 3802 1025 3868 deinde
1057 3800 1171 3866 Naevii
1207 3799 1339 3865 fabulam

215 3963 453 3973 ---——--——--.

290 4043 310 4103 ¹)
329 4056 355 4106 p.
375 4045 422 4092 ³61
445 4041 481 4092 M.
502 4065 532 4076 -
554 4037 626 4099 UN.
646 4036 680 4086 Α.
703 4039 742 4093 19,
763 4037 786 4084 i.
