2712 4630
477 279 503 290 ᾖ
559 197 601 256 63

11 383 50 448 lii
89 383 218 448 homini
247 381 386 448 fortasse
414 384 550 468 propter
577 405 631 450 aes
658 383 808 448 alienum.
859 382 987 450 Deinde
1015 384 1148 476 iuvenis,

11 488 184 574 npetratis
207 505 289 571 quse
319 487 556 574 postulaverat,
591 509 684 555 servo
711 489 876 575 promittit
902 493 959 556 aut
981 491 1147 576 pecuniam

11 599 59 658 ‚ut
85 593 275 659 libertatem
298 595 326 657 si
348 593 489 664 effecerit
508 597 547 659 ut
569 594 642 678 equi
663 595 835 669 vincerent,
857 594 910 659 ille
933 600 1042 662 autem
1058 595 1149 681 eligit

10 699 195 764 ibertetem
224 699 321 780 (lll);
351 697 486 763 affertur
515 699 622 762 iuveni
652 699 783 764 nuntius
812 700 967 765 victorius
996 701 1071 782 (lV)
1093 701 1148 784 qui
1208 753 1210 760 ,

10 827 111 888 luum
134 804 236 867 falsus
257 807 370 888 posteo
386 803 575 878 invenietur,
599 825 710 867 servus
725 804 777 884 ille
799 805 850 869 cui
872 804 1054 870 libertatem
1077 830 1148 892 pro-

9 910 148 974 miserat
170 910 310 973 vincitur
329 891 390 991 ¹(V)
409 909 625 994 maximisque
647 907 842 973 cruciatibus
870 909 1010 976 afficitur
1039 933 1148 996 quom-

9 1037 111 1098 quam
132 1013 243 1079 multis
265 1013 372 1078 verbis
394 1013 566 1078 defendere
588 1035 657 1078 sese
679 1013 791 1078 studet
813 1014 899 1095 (Vl).

104 1118 228 1200 Nomen
253 1117 382 1182 fabulae
409 1118 604 1184 Ritschelius
614 1124 637 1201 1)
668 1124 837 1207 comparet
865 1143 938 1186 cum
968 1120 1149 1186 Piscatoris

8 1245 98 1307 quae
119 1246 138 1288 a
158 1223 333 1310 Fulgentio
355 1223 509 1288 landatur
531 1227 703 1309 censetque
733 1226 782 1290 vir
812 1226 1017 1290 doctissimus
1039 1226 1149 1302 „fabu-

8 1329 107 1394 lam“·
132 1351 198 1394 non
228 1328 438 1406 „mulierem“
470 1351 540 1394 esse
570 1329 782 1416 supplendam
810 1329 853 1393 sd
883 1330 1147 1414 ‚,agitotoriam“.

7 1435 61 1498 Ac
83 1433 247 1521 profecto,
272 1435 298 1497 si
321 1455 341 1498 a
362 1434 494 1498 muliere
517 1435 655 1518 quadem
680 1456 761 1518 quae
784 1439 896 1520 ageret
919 1455 1027 1519 equos,
1049 1437 1149 1500 nomi-

7 1545 90 1606 nata
108 1542 196 1604 esset
218 1538 336 1615 fabula,
359 1539 427 1603 sine
449 1537 548 1603 dubio
571 1540 761 1625 „agitatrix“
783 1539 944 1627 adpellata
966 1543 1061 1616 esset,
1084 1564 1149 1606 non

7 1645 245 1732 ,‚agitatoris“,
269 1645 331 1709 alia
353 1667 429 1709 vero
452 1665 503 1709 res
525 1647 575 1709 est
597 1646 637 1710 dc
659 1645 861 1727 „corollaria“
884 1649 917 1726 et
939 1645 1008 1710 aliis
1030 1643 1149 1710 fabule

6 1775 85 1816 rum
108 1749 308 1826 nominibus,
332 1750 373 1814 de
396 1749 512 1834 quibus
535 1771 594 1814 suo
617 1751 688 1816 loco
710 1749 804 1836 pluro
826 1751 979 1816 dicemus.

101 1855 268 1942 Expressa
292 1854 420 1927 videtur
441 1854 557 1920 Naevii
571 1854 759 1939 Agitatoris
781 1877 823 1920 ex
844 1855 990 1920 Alexidis
1007 1854 1147 1938 Ἀγωνίδι

9 1959 33 2042 ἤ
53 1956 214 2048 Ἱππίσκῳ.
431 1975 437 1978 “

183 2246 289 2324 IV.
334 2221 981 2325 AGRYPN‘UNTEs.
1026 2204 1032 2210 ’

84 2403 116 2452 ci.
136 2404 260 2453 Ribbeck.
281 2418 346 2452 conr.
365 2405 410 2452 rel.
429 2419 454 2468 p.
475 2371 513 2452 ss

101 2539 182 2604 Duo
211 2540 307 2604 huius
322 2569 326 2573 ·
340 2538 470 2605 fabulae
500 2539 683 2626 fragmenta
711 2538 865 2624 leguntur
893 2539 981 2624 apud
1009 2537 1150 2603 Nonium

10 2646 108 2728 quil)
143 2645 220 2708 citat
251 2645 409 2726 „Naeuius
442 2645 476 2709 in
508 2643 816 2730 Agrypnuntibus‚“
843 2642 905 2707 alio
928 2665 1005 2707 vero
1027 2641 1149 2726 loco³):

12 2745 175 2829 „Naevius
198 2752 543 2836 amnagremnuntius,“
566 2752 737 2836 corrupto,
769 2750 803 2815 ni
824 2747 936 2824 fallor,
961 2749 1089 2813 nomine
1111 2768 1150 2811 ex

12 2851 174 2936 „Naevius
200 2855 246 2918 sit
275 2856 309 2918 in
334 2855 620 2942 agrypnnntibus‚“
650 2854 806 2920 vocabula
836 2854 920 2920 enim
944 2853 1008 2936 „ait
1028 2853 1079 2918 in“
1097 2854 1151 2917 vix

13 2960 77 3024 dici
101 2963 211 3045 potest
233 2962 314 3044 quot
343 2961 429 3024 vitiis
452 2961 576 3025 codices
599 2961 807 3045 inquinarint.
874 3025 876 3030 ,
1072 2975 1077 2980 ’

103 3063 247 3152 Scaliger
269 3068 303 3130 et
324 3065 493 3131 Mercerus
515 3065 620 3130 Novio
642 3066 724 3130 hanc
745 3065 887 3131 fabulam
910 3063 1151 3150 adscripserunt

14 3170 101 3235 nulla
125 3193 143 3234 e
165 3193 293 3246 caussa,
327 3157 428 3255 duum
459 3171 585 3236 duobus
614 3171 693 3236 locis
722 3169 860 3236 Noniani
886 3168 961 3255 libri
982 3169 1014 3233 in
1037 3168 1151 3235 Naevii

15 3277 144 3340 nomine
160 3276 353 3362 conspirent.
392 3275 627 3364 Fragmentum
643 3276 778 3340 alterum
795 3275 938 3341 ostendit
956 3274 1015 3340 hos
1034 3299 1151 3362 ngryp-

14 3384 132 3445 nuntes
163 3403 232 3446 esse
259 3384 453 3461 „nocturnos
483 3382 680 3468 praedonem
710 3381 766 3467 qui
798 3382 831 3446 in
861 3381 933 3467 ipse
967 3403 1061 3446 scens
1095 3380 1151 3447 ubi

15 3485 164 3571 praedati
187 3491 280 3563 sunt,
311 3487 344 3551 ni
367 3487 468 3551 mavis
490 3487 597 3574 legere
618 3488 651 3551 in
679 3492 803 3568 „cenn“„
818 3485 874 3550 ubi
896 3487 1050 3572 praedam
1080 3507 1151 3550 con-

15 3597 163 3668 sumunt,
197 3591 412 3658 inveniuntur.
469 3591 677 3677 Quamquam
706 3592 773 3656 sine
807 3590 906 3656 dubio
935 3591 1014 3656 haec
1041 3590 1151 3654 fabule

14 3719 55 3761 ex
79 3693 208 3762 Graeca
228 3718 380 3784 expresse
402 3701 469 3774 est,
501 3701 610 3763 tomen
628 3697 751 3762 nullum
774 3696 877 3762 simile
907 3695 1068 3762 Graecum
1097 3716 1151 3760 no·

16 3823 89 3866 men
112 3806 168 3867 ext
190 3806 214 3867 t.

90 4067 110 4126 ¹)
128 4068 186 4118 l'sr.
205 4084 230 4133 p.
255 4073 312 4120 142.
334 4096 365 4105 -
386 4071 407 4130 Ι)
425 4086 449 4134 p.
471 4075 503 4120 65
524 4070 559 4120 Μ.
581 4093 614 4108 -
634 4071 655 4130 ⁸)
674 4085 699 4134 p.
722 4074 770 4120 150
790 4067 825 4118 M.
