2734 4610
704 229 710 238 ’
767 241 786 296 2

298 409 408 509 Atque
441 425 582 511 primum
611 423 741 508 quidem
779 425 819 489 de
846 425 917 510 ipso
954 425 1159 511 praenomine
1198 426 1349 508 quaesti(

210 529 316 594 oritur
344 533 455 594 utrum
486 527 588 595 Gaius
617 529 716 593 fuerit
747 551 788 593 an
812 527 954 595 Gnaeus.
1004 529 1200 612 Plerumque
1224 529 1349 592 nulluu

209 633 324 699 Naevii
348 653 544 720 praenomen
565 635 599 698 in
620 634 907 719 grammaticorum
929 633 1019 700 libris
1040 633 1194 720 legimus,
1220 634 1349 698 duobur

210 761 287 805 vero
308 738 387 804 locis
409 737 595 802 nominatur
623 740 721 822 poeta
751 737 793 807 G.
821 737 979 814 Naevius,
1013 740 1101 826 apud
1132 736 1284 804 Gellium
1317 737 1349 802 N.

210 843 251 907 A.
278 851 328 917 17,
352 849 403 918 21,
426 849 468 907 45
492 845 525 906 et
547 841 634 927 apud
649 841 784 908 Festum
807 867 839 929 p.
863 851 927 910 352
949 843 999 928 M.
1016 841 1082 908 Sed
1105 864 1205 927 quum
1229 842 1349 907 Festus

210 946 298 1012 nullo
321 945 385 1010 alio
405 945 477 1010 loco
497 943 622 1011 Naevio
645 968 839 1032 praenomen
869 947 1045 1025 addiderit,
1076 947 1128 1014 hic
1156 969 1238 1013 vero
1262 971 1349 1013 voca

212 1051 325 1115 bulum
349 1050 410 1115 sic
433 1053 652 1136 praecesserit,
675 1051 1001 1137 facileunusquisque
1017 1053 1180 1130 concedet,
1203 1052 1349 1137 hicque

210 1177 273 1240 que
301 1155 424 1220 nullum
461 1158 579 1240 poetae
615 1176 810 1248 praenomen
845 1159 957 1222 extare
991 1157 1048 1222 sed
1090 1157 1349 1244 dittographieu

209 1260 322 1326 literae
337 1283 364 1323 c.
404 1257 501 1325 Solus
523 1261 624 1347 igitur
644 1260 786 1344 reliquus
808 1264 858 1324 est
879 1259 932 1325 ille
947 1261 1035 1326 locus
1052 1261 1219 1328 Gellianus
1237 1266 1349 1328 contre

210 1387 305 1450 quem
329 1366 391 1430 etsi
413 1388 477 1430 non
498 1366 592 1430 multi
607 1368 716 1428 tamen
731 1387 847 1452 graves
861 1365 923 1430 loci
940 1363 1004 1433 Gn.
1020 1389 1216 1452 praenomen
1234 1370 1349 1452 poetae

212 1471 388 1546 vindicant,
412 1471 481 1556 ipse
504 1471 588 1532 enim
605 1467 730 1534 Gellius
745 1492 887 1536 errorem
903 1471 1067 1558 corrigit¹)
1089 1477 1122 1536 et
1139 1471 1346 1553 charisium)

211 1574 318 1641 Semel
342 1574 478 1658 denique
499 1573 587 1658 apud
603 1572 818 1659 Charisiumi)
831 1577 865 1640 in
887 1574 977 1642 libris
998 1575 1129 1663 legitur.
1168 1577 1344 1654 „Exerciti

210 1703 264 1767 gn.
292 1679 436 1744 naeuius·
452 1676 531 1772 'belli
557 1677 673 1743 Punici
702 1678 784 1744 libro
815 1689 855 1743 1‘⁴
884 1702 950 1764 quo
977 1681 1050 1746 loco
1073 1683 1172 1746 editio
1196 1683 1343 1768 princeps

210 1782 341 1850 exhibet
377 1782 571 1868 „genetivo“
608 1784 706 1848 ceteri
742 1805 819 1849 vero
852 1785 992 1851 editores
1029 1789 1116 1852 recte
1149 1809 1341 1873 praenomen

209 1887 436 1976 agnoverunt..

299 1989 399 2072 Quod
427 1988 598 2058 Schiittius
609 1996 636 2076 ⁴)
664 1996 762 2059 etiam
786 1995 828 2059 ed
858 1995 997 2081 effigiem
1021 1998 1178 2081 provocat
1201 1997 1254 2059 cui
1277 1995 1341 2058 sub

211 2098 368 2184 scriptum
392 2098 435 2162 sit
458 2096 537 2174 „Cu
560 2096 684 2161 Neuius
706 2095 806 2182 Gep.“
835 2089 910 2162 iam·
924 2099 994 2183 ipse
1022 2102 1109 2162 reete
1136 2097 1219 2160 vidit
1249 2121 1343 2182 quam

210 2202 314 2268 debile
353 2203 450 2267 hocce
487 2203 530 2264 sit
569 2200 791 2264 testimonium
824 2211 923 2284 quum
958 2199 1066 2263 multis
1103 2197 1235 2264 demum
1270 2209 1344 2290 post

211 2305 380 2372 Christum
404 2309 517 2370 natum
540 2303 672 2368 saeculis
688 2303 874 2380 ‚,Naevius“
896 2303 1091 2368 scriberetur
1114 2303 1181 2368 sola
1202 2305 1300 2372 litera
1322 2334 1346 2384 e,

212 2415 251 2476 ut
273 2410 352 2475 haec
373 2412 485 2474 statua
508 2410 566 2472 aut
588 2408 795 2494 supposititia
816 2408 859 2471 sit
881 2410 939 2471 aut
960 2407 1059 2494 alium
1080 2406 1219 2474 Nerium
1242 2415 1348 2497 expri-

211 2518 319 2601 mat⁵).
366 2513 434 2581 Sed
463 2515 527 2578 iam
558 2534 668 2578 carere
697 2533 869 2598 possumus
897 2511 959 2577 hoc
986 2512 1085 2578 dubio
1113 2517 1213 2590 teste,
1242 2536 1348 2596 quum

210 2621 347 2688 sciamus
371 2617 436 2685 Gn.
459 2617 618 2683 Na'evium
640 2620 755 2703 poetae
777 2637 894 2680 nomen
917 2616 1026 2682 fuisse.

222 2795 226 2798 ,
297 2723 429 2791 Merula
451 2724 547 2788 etiam
570 2719 725 2807 ,‚Sanga“
747 2723 924 2805 cognomen
949 2721 1062 2788 Naevii
1083 2722 1183 2788 fuisse
1203 2721 1342 2788 affirmat

211 2828 327 2914 quibus
349 2828 444 2914 nugis
465 2849 506 2892 ne
527 2825 659 2890 retineri
680 2846 741 2889 nos
763 2826 925 2912 patiamur
948 2827 1063 2914 ablego
1082 2827 1216 2894 lectores
1237 2827 1264 2890 si
1286 2829 1341 2914 qui

210 2938 305 2998 erunt
327 2937 456 2998 tantum
479 2931 521 2995 ad
543 2949 686 3014 eaquae
708 2927 948 2995 Klussmannus
970 2933 1163 3018 exposuitu

214 3055 216 3061 ’
299 3036 513 3122 Huncigitur
528 3032 593 3100 Gn.
617 3031 775 3098 Naevium
798 3033 998 3100 omnes'fere
1020 3058 1085 3100 una
1108 3057 1186 3100 voce
1208 3031 1337 3122 Campu-

187 3200 191 3211 .
210 3165 287 3208 num
310 3142 409 3208 fuisse
431 3139 613 3214 adfirmant,
635 3127 874 3206 Klussmannus
893 3161 970 3206 vero
983 3141 1009 3223 7)
1023 3162 1120 3205 ausus
1136 3143 1186 3204 est
1201 3142 1336 3204 statuere

81 3293 84 3298 ·
210 3249 393 3313 Romanum
420 3244 511 3320 illum
539 3241 653 3317 fuisse3
687 3242 720 3306 in
753 3264 818 3326 qua
843 3265 879 3308 re
908 3244 1113 3310 diiudicanda
1138 3244 1335 3310 destituimur

284 3477 304 3538 ¹)
323 3473 389 3524 Gell.
409 3473 440 3522 N.
461 3469 495 3522 Δῖ
517 3476 540 3531 1,
559 3475 602 3531 2⁴,
623 3476 634 3520 1
656 3477 683 3520 et
700 3476 725 3527 5.
747 3477 787 3533 le,
807 3475 820 3522 7
840 3471 874 3522 Η.
899 3498 935 3508 -
953 3472 974 3534 ¹)
994 3472 1125 3523 Charisius
1143 3489 1169 3539 p.
1188 3479 1235 3522 229
1252 3473 1281 3523 Κ.
1300 3501 1333 3512 —-

212 3565 234 3627 ¹)
253 3561 384 3613 Charisius
401 3576 426 3626 p.
450 3565 498 3612 128
518 3561 549 3612 K.
568 3587 604 3599 ·-
620 3561 644 3625 ⁴)
663 3562 770 3614 Schnste
789 3562 821 3610 de
840 3559 886 3610 Cn.
905 3560 1004 3610 Naevio
1026 3570 1104 3624 poete
1121 3561 1242 3625 particula
1257 3562 1332 3625 prime

211 3649 346 3715 Herbipcli
367 3653 431 3698 1841
452 3663 477 3712 p.
498 3653 520 3698 8.
545 3675 578 3684 -
603 3649 625 3710 ⁵)
649 3647 682 3698 ci.
701 3647 911 3707 Klasemanunm,
937 3645 983 3698 Cn.
1008 3647 1099 3698 Naevii
1123 3656 1214 3714 poetas
1232 3649 1329 3699 Romani

212 3739 291 3787 ritem
310 3715 445 3800 descripsit
463 3745 511 3784 etc.
535 3731 597 3785 Ero.
617 3735 774 3786 Klusemann
791 3735 875 3785 denae
896 3737 970 3786 1843.
989 3751 1014 3800 p.
1035 3740 1057 3784 6.
1087 3763 1117 3772 -
1137 3717 1237 3786 Memini
1252 3751 1288 3785 me
1305 3737 1328 3786 in

213 3824 339 3890 prioribus
353 3822 485 3872 Aeneidos
501 3821 573 3871 libris
592 3823 684 3886 legisse
702 3823 815 3872 dativum
834 3821 954 3872 edieetivi
972 3821 1086 3872 feminini
1106 3837 1147 3872 ex.
1158 3838 1193 3886 gr.
1213 3820 1326 3888 „probae“

214 3927 264 3976 quo
283 3910 341 3960 loco
360 3909 464 3960 Servius
482 3909 602 3970 adnotat,
622 3910 735 3959 dativum
753 3923 812 3959 enm
830 3923 957 3960 essenon
974 3909 1135 3970 adverbium,
1154 3910 1219 3959 unde
1235 3919 1326 3974 apparet

213 3997 264 4046 iam
278 4005 331 4046 tum
351 3997 463 4046 dativum
482 3996 559 4046 scribi
578 3995 681 4046 solitum
694 4003 790 4046 1111111
802 3995 953 4048 adverbium
965 4010 1010 4062 per
1022 4011 1036 4044 1
1048 4011 1099 4046 non
1112 4011 1157 4061 per
1170 4011 1206 4044 ae.
1216 4021 1247 4033 -
1258 3997 1275 4058 ⁸)
1287 3996 1324 4046 Kl.

214 4098 239 4148 r·
259 4087 283 4132 ⁵·
303 4108 336 4120 -
356 4085 376 4146 o
395 4083 437 4134 n.
454 4098 479 4150 r·
499 4088 523 4134 ⁵-
542 4097 597 4150 uu·
