2734 4610
691 201 900 296 As-..-

229 386 280 453 his
308 385 483 472 labyrinthi
513 388 752 463 viis—utamur,
792 391 890 471 atque
919 388 1007 452 ultro
1038 409 1074 452 se
1102 387 1208 452 offert
1241 387 1299 452 ille
1327 387 1350 472 qr

228 491 360 558 Danten
384 515 440 578 per
462 483 577 556 inferni
599 491 747 556 tenebras
770 493 943 558 comitatus
965 496 1016 558 est
1039 491 1221 578 Vergilius.
1273 493 1350 568 „Sal

230 598 314 662 enim
336 598 468 662 adamat
490 601 602 682 poeta,
627 599 665 658 ut
688 597 735 660 ait
756 595 888 662 Servius
898 601 939 680 l)‚
969 621 1007 662 ea
1030 620 1110 682 quae
1132 597 1225 682 legit
1251 597 1350 663 divers

229 703 327 766 modo
350 699 532 786 proferre‘t,
551 723 648 784 quam
671 723 739 766 rem
755 706 792 766 ut
808 703 1008 768 demonstret
1023 702 1121 768 affert,
1136 703 1258 767 locum
1285 725 1350 786 quer

179 829 183 840 ’
229 806 393 891 Vergilius
423 828 463 870 ex
493 804 575 870 bello
605 805 730 872 Punico
762 808 929 892 expressit.
983 808 1074 872 Idem
1107 789 1239 892 apertis
1273 807 1351 886 verbi

230 913 372 974 testatur
394 909 581 974 Macrobius
594 913 619 996 2)
642 912 695 994 qui
718 912 813 976 disin
837 913 1077 998 „ln‘prinoipio
1099 913 1278 977 Aeneidos
1302 917 1332 974 te

229 1017 338 1100 pestes
356 1013 548 1079 describitur
564 1019 598 1080 et
613 1017 724 1081 Venus
747 1016 966 1100 apud·.lovem
982 1019 1128 1102 queritur
1151 1018 1197 1082 de
1222 1017 1342 1102 pericul

229 1117 294 1194 filii,
319 1123 352 1182 et
374 1118 500 1204 Iupiter
522 1143 592 1212 eam
615 1121 656 1184 de
676 1121 861 1186 futurorum
886 1123 1103 1208 prosperitate
1126 1123 1274 1188 soletur.
1314 1087 1351 1198 llil

228 1225 317 1290 locus
348 1228 437 1288 totus
461 1229 610 1311 sumptus
633 1249 653 1288 a
672 1225 795 1290 Naevio
818 1230 866 1290 est
890 1227 1059 1312 exprimo
1089 1226 1173 1292 libro
1208 1213 1351 1291 belli'Prl

229 1330 300 1393 uici.
346 1329 416 1392 Illic
444 1331 527 1394 enim
558 1351 661 1412 aeque
680 1331 790 1395 Venus
812 1330 961 1395 Troianis
992 1334 1190 1417 tempestate
1223 1331 1351 1416 laborari

229 1434 316 1500 tibus
339 1457 410 1498 oum
426 1434 511 1502 Jove
533 1437 680 1517 queritur
701 1439 735 1498 et
757 1438 909 1500 secuntur
932 1435 1031 1502 verba
1052 1436 1147 1503 lovis
1168 1437 1278 1502 filiam
1303 1419 1351 1500 conl

230 1538 364 1614 solantis
386 1561 443 1623 spe
462 1539 682 1602 futurorum.“
723 1537 1047 1623 Quamquam'iidem
1070 1545 1171 1608 testes
1196 1543 1260 1626 qui
1282 1539 1351 1604 nobil

228 1644 408 1728 Vergilium
425 1645 537 1708 ducem
554 1635 713 1708 dederu'nt
729 1645 881 1710 continuo
896 1644 964 1710 fere
979 1645 1097 1730 spiritu
1113 1669 1173 1712 nos
1188 1643 1351 1714 admonent

229 1751 269 1812 rie
291 1748 385 1813 nimis
407 1747 452 1810 illi
474 1749 654 1825 credamus,
678 1770 776 1832 quum
800 1766 895 1836 saepe
911 1752 1085 1816 mutaverit
1106 1754 1140 1816 et
1161 1774 1219 1816 res
1246 1755 1283 1816 et
1306 1761 1351 1836 per

228 1857 358 1936 sonasl)
372 1854 463 1917 cuius
478 1855 524 1918 rei
540 1853 723 1940 exemplum
738 1854 1026 1920 luculentissimum
1041 1857 1177 1943 praebet
1193 1855 1330 1924 Servius
1337 1857 1351 1934 ‘l

228 1959 283 2042 qui
306 1959 384 2022 dicit
406 1959 437 2022 in
453 1957 566 2024 Naevii
589 1958 671 2024 bello
687 1959 810 2026 Punico
826 1960 985 2026 Anchisae
1006 1965 1040 2028 et
1063 1961 1351 2026 Aeneae-muliere

227 2066 326 2128 noctu
347 2064 446 2129 Troia
468 2085 612 2150 egressas
644 2085 726 2141 esse,
753 2086 853 2149 quum
880 2067 966 2151 apud
989 2067 1168 2152 Vergilium
1196 2068 1292 2132 nullu
1313 2065 1349 2128 sul

229 2170 350 2234 mentio
367 2170 509 2246 mulieris
521 2169 698 2246 Anchisae3
722 2170 796 2236 inde
810 2193 874 2238 non
890 2171 992 2236 solum
1008 2174 1164 2255 sequitur,
1180 2172 1348 2258 Vergilium

228 2297 299 2350 eam
311 2273 438 2340 silentio
451 2275 663 2359 praeteriisse,
681 2276 857 2353 sedetiam,
875 2299 972 2360 quum
984 2274 1036 2340 ille
1052 2275 1141 2342 locus
1152 2276 1310 2342 Aeneidis
1319 2275 1348 2338 ia

226 2379 406 2450 instructus
429 2380 472 2444 sit
494 2382 532 2444 ut
551 2404 662 2446 omnes
685 2386 912 2446 enumerentur
927 2381 982 2464 quj
1003 2385 1073 2444 tum
1097 2403 1162 2446 uua
1183 2380 1349 2466 fugiebant

228 2476 420 2562 censendum
445 2488 504 2561 eet,
528 2508 569 2551 ex
591 2487 727 2572 Vergilii
750 2471 909 2550 sententia
929 2483 1089 2582 Anchisae
1112 2485 1282 2550 mulierem
1303 2505 1349 2549 on

227 2588 304 2655 nino
325 2611 390 2655 non
417 2589 540 2678 fugisse
566 2615 639 2657 cum
669 2590 795 2656 ceteris.
840 2589 886 2654 Et
915 2588 1063 2676 prolecto
1087 2591 1203 2654 mirum
1225 2585 1350 2656 essetsi

227 2693 391 2780 Vergilius
414 2719 540 2782 semper
562 2698 647 2760 idem
663 2699 809 2759 narraret
825 2696 911 2780 quod
927 2693 1078 2770 Naevius,
1104 2717 1204 2781 quum
1221 2695 1349 2764 constet

225 2799 316 2864 illum
346 2801 522 2866 multorum
551 2801 710 2866 librorum
736 2801 873 2866 lectione
900 2800 1050 2866 inbutum
1080 2801 1122 2865 ad
1152 2823 1248 2866 suum
1279 2819 1340 2884 opu

227 2907 406 2970 accessisse.
449 2953 451 2959 ι

244 3075 250 3086 ,
315 3011 380 3076 His
407 3009 590 3095 praemissis
612 3007 726 3074 Naevii
756 3007 891 3074 disiecta
912 3007 1056 3073 membra
1082 3009 1183 3072 trium
1213 3010 1349 3094 prioruu

227 3115 382 3181 librorum
404 3113 467 3178 illis
488 3113 567 3188 loeis
587 3114 748 3178 Aeneidos
770 3119 884 3200 aptare
907 3113 1109 3178 studebimus
1132 3114 1186 3196 qui
1210 3117 1268 3178 aut
1292 3101 1352 3176 canl

227 3221 300 3284 dem
323 3222 381 3284 aut
411 3217 547 3282 similem
574 3241 642 3284 rem
674 3217 868 3284 describunt.
918 3218 1024 3284 Poeta
1052 3218 1153 3304 igitur
1184 3221 1352 3306 postquaml

168 3383 173 3399 ,
227 3325 341 3390 Musas
356 3323 516 3390 invocavit
537 3322 591 3403 (ci.
615 3324 711 3389 Vabl.
738 3333 766 3400 1,
794 3330 837 3411 1.)
859 3323 1012 3389 describit
1033 3327 1222 3390 nocturnam
1246 3321 1349 3408 fugam

227 3429 356 3496 Aeneae
377 3431 423 3512 (1,
448 3429 493 3512 5.)
514 3429 605 3494 cuius
626 3427 781 3496 familiam
804 3433 983 3513 sequuntur
1013 3429 1107 3494 multi
1137 3429 1191 3494 alii
1220 3434 1262 3508 (1,
1288 3428 1347 3504 ta.)

228 3533 282 3618 qui
304 3555 417 3598 aurum
431 3555 543 3598 seeum
559 3537 694 3619 portant
715 3537 760 3618 (1,
784 3537 853 3618 te).
891 3533 1018 3600 Deinde
1033 3539 1160 3600 Aeneas
1175 3555 1248 3598 cum
1265 3537 1348 3619 patre

227 3637 370 3703 Anchisa
398 3661 456 3725 per
486 3661 573 3703 mare
597 3639 724 3703 vehitur
751 3641 852 3723 atque
873 3639 1020 3724 procellis
1046 3641 1203 3715 iactatur,
1233 3631 1265 3702 in
1292 3655 1347 3720 quo

226 3743 371 3831 periculo
391 3743 548 3814 Anolrises
563 3743 751 3829 Neptunum
775 3737 992 3828 precaturll,
1017 3747 1060 3825 8).
1106 3748 1231 3810 Aeneas
1254 3742 1347 3808 socios

226 3903 464 3916 m·—

180 3974 182 3978 ¹
299 3954 319 4052 ll
338 3991 369 4041 ol.
390 3992 461 4041 Serv.
481 3993 513 4040 ad
533 3992 610 4056 Verg.
630 3993 696 4042 Aen.
720 3997 742 4050 l,
763 3993 820 4040 797.
836 4019 867 4028 -
882 3992 904 4053 ²)
924 3991 955 4041 of.
970 3993 1084 4042 Macrob.
1105 3992 1158 4042 Sat
1179 3997 1203 4048 6,
1222 3998 1246 4051 2,
1265 3997 1302 4040 ³0.
1319 4011 1346 4022 ⁶·

240 4057 244 4072 l

228 4079 249 4141 ⁸)
268 4079 300 4128 ef.
319 4079 433 4129 Macrob.
454 4079 507 4130 Sat.
528 4085 552 4142 6,
571 4085 596 4142 θ,
615 4085 656 4130 80.
678 4105 707 4118 -·
725 4081 748 4140 ⁴)
768 4079 799 4129 ol.
820 4080 891 4131 Serv.
911 4081 943 4128 ad
962 4080 1041 4143 Verg.
1064 4081 1128 4131 Aen.
1147 4085 1172 4140 ³,
1196 4085 1233 4128 lc.

745 4245 755 4279 l
