2712 4630
700 150 703 153 ’
781 171 823 230 sa

233 363 424 454 Lycurgum
452 359 704 426 contaminatam
735 379 806 422 esse
834 379 874 422 ex
902 357 1056 444 Aeschyli
1084 359 1249 446 Lycurgo
1267 365 1333 424 ¹et

233 467 401 554 Euripidis
423 464 584 540 Pentheo,
608 463 688 528 dicit
716 461 867 542 „Quodsi
888 463 1023 530 Publius
1045 487 1077 550 p.
1107 472 1150 529 39
1181 467 1324 530 contam'

233 574 354 638 tionem
377 574 487 656 negat,
512 569 653 645 fellitum
677 590 751 632 nam
774 568 920 651 quamvis
942 569 983 634 de
1004 570 1134 634 ¹comicis
1159 569 1281 635 fabulis
1300 594 1331 634 cn

234 699 273 744 eo
295 678 476 742 consentire
492 674 606 760 possis,
631 672 672 738 de
688 674 863 759 tragoediis
885 677 993 740 tamen
1013 675 1124 761 negari
1140 675 1228 740 illud
1248 677 1331 740 omni

233 784 354 868 nequit.
384 780 569 846 Naevianus
585 779 668 843 enim
685 778 870 844 comoediae
892 781 1007 864 utpote
1024 783 1168 845 veterem
1185 782 1299 846 Attico
1318 812 1331 837 o

233 887 434 954 comoediam
454 885 605 950 imitatae
630 886 685 949 vix
708 906 726 948 e
748 884 874 950 duabus
902 883 1020 950 sabulis
1042 885 1076 949 in
1098 908 1202 950 unam
1227 909 1330 972 compo

232 995 419 1081 poterant.“
464 991 504 1054 In
537 1013 602 1076 qua
630 1011 666 1056 re
695 989 820 1075 optimo
850 990 920 1053 iure
951 1011 1023 1054 cum
1046 989 1262 1073 Weloker01)
1285 1015 1331 1054 ·ar·

233 1101 342 1166 menta
364 1097 456 1164 nobis
479 1095 644 1182 postulare
664 1095 811 1159 videmur
843 1093 960 1178 quibus
989 1095 1156 1160 evincatur
1190 1097 1335 1182 tragoedia

233 1227 253 1270 a
275 1204 380 1290 poetis
402 1203 558 1268 Romanis
578 1222 648 1266 esse
669 1199 914 1264 contaminatas.

322 1307 422 1388 Quod
445 1329 544 1393 quum
567 1307 608 1370 de
630 1304 803 1370 comoediis
825 1303 939 1372 Naevii
954 1305 1009 1369 illo
1024 1306 1170 1370 Terentii
1187 1305 1334 1370 testimoni

233 1417 312 1480 satis
339 1417 484 1489 constet,
515 1412 556 1478 de
584 1409 761 1496 tragoediis
794 1429 952 1494 nusquam
979 1411 1130 1476 traditur.
1179 1407 1334 1477 Etiamll

170 1572 173 1580 .
232 1521 329 1585 ratio.
348 1540 431 1604 quae
469 1541 489 1580 a
523 1516 756 1590 Klussmanno¹
781 1515 954 1580 adhibetur
986 1519 1024 1580 ut
1061 1517 1333 1582 contaminationes

231 1625 378 1711 Lycurgi
400 1623 603 1687 demonstret
623 1615 705 1686 adeo
728 1623 780 1686 est
805 1621 907 1687 futilis
938 1626 975 1685 ut
997 1643 1121 1686 merum
1149 1622 1332 1687 commentor

232 1731 285 1796 sit.
338 1728 389 1794 Ut
419 1728 503 1792 enim
534 1749 619 1792 nuno
648 1728 840 1792 omittamus
871 1727 987 1792 mirum
1018 1727 1107 1800 illum
1137 1749 1284 1792 errorem
1303 1741 1331 1806 qu

231 1834 430 1900 contendunt
457 1831 615 1896 Naevium
644 1837 819 1919 praecipua
849 1855 919 1897 esse
951 1834 1115 1898 imitatum
1147 1825 1291 1898 veterem
1311 1849 1331 1890 u

232 1940 392 2004 moediam
416 1938 609 2022 Atticam,²)
630 1959 750 2022 quaero
773 1937 850 2021 quid
873 1939 1000 2022 assequi
1022 1939 1212 2015 studuerint
1235 1931 1330 2002 Romi

224 2044 485 2112 ‘contaminandis
500 2043 692 2128 tragoediis,
715 2041 881 2125 inquibus
903 2034 984 2106 nihil
998 2045 1109 2138 magis
1123 2046 1198 2108 crat
1222 2057 1329 2126 quaero

211 2133 308 2215 'dum
332 2145 428 2234 quam
449 2149 631 2234 argumenti
654 2129 870 2232 perspicuitas
881 2150 914 2210 et
930 2146 1049 2233 dialogi
1065 2148 1259 2234 simplicitas
1274 2149 1330 2226 atqu

231 2256 404 2322 severitas?

318 2359 372 2422 Ex
390 2356 595 2422 Graecarum
617 2354 798 2420 fabularum
822 2354 1022 2436 nominibus,
1053 2379 1136 2442 quae
1159 2359 1205 2423 ad
1228 2352 1330 2441 singull

229 2461 408 2527 Naevianus
430 2461 556 2526 fabulas
573 2464 728 2546 quantum
748 2461 783 2524 id
804 2460 873 2544 fieri
888 2461 1252 2548 potesaauscribemus,
1274 2475 1331 2544 app*

224 2567 315 2634 ‘nebit
335 2567 492 2634 Naevium
515 2568 548 2632 in
570 2566 747 2653 tragoediis
769 2567 915 2653 inprimis
944 2570 1116 2651 sequutum
1140 2591 1212 2634 esse
1244 2559 1332 2646 Euripi

229 2674 314 2751 dem,
327 2676 353 2757 3)
374 2674 407 2738 in
429 2674 603 2738 comoediis
617 2696 695 2740 vero
710 2673 882 2759 praecipue
904 2675 1019 2758 poetas
1040 2673 1164 2738 medias
1187 2695 1272 2759 quae
1292 2663 1331 2731 did

133 2773 136 2776 ’
229 2782 285 2843 tur
307 2779 503 2855 comoediae,
528 2777 645 2842 Alexin
668 2781 701 2842 et
722 2777 903 2865 Eubulum,
926 2777 1065 2842 fortasse
1088 2781 1185 2844 etiam
1210 2772 1333 2860 Antipl*

164 2905 166 2913 ’
229 2905 302 2948 nem
318 2886 352 2947 et
367 2883 562 2968 Dionysium
585 2880 851 2967 Sinopensem,4)
875 2905 1069 2967 quamquam
1092 2884 1238 2949 Terentii
1261 2875 1332 2946 verbi

229 2989 443 3076 comperimus
452 2989 478 3071 ⁵)
498 2987 715 3054 Menandrum
739 3008 866 3072 quoque
880 2986 994 3052 Naevii
1014 3011 1244 3073 nonnunquam
1267 2984 1333 3050 fuiss

226 3093 410 3180 exemplum
424 3089 449 3174 6)“
476 3099 509 3158 et
531 3115 589 3156 nos
611 3093 673 3178 ipsi
695 3093 794 3158 semel
816 3093 856 3156 de
880 3090 1016 3160 Cratete
1043 3095 1265 3180 cogitavimus.
1303 3077 1333 3166 (lt

228 3198 368 3281 Ludus.)

301 3361 320 3421 ¹)
340 3375 363 3423 p.
392 3361 457 3408 1376
483 3365 508 3408 et
534 3365 608 3408 1348.
634 3357 666 3406 cf.
690 3357 832 3432 Mommsen
857 3355 893 3408 Ib
932 3366 981 3410 892
1008 3361 1050 3424 qui
1070 3370 1156 3410 censet
1174 3357 1333 3423 tragoedias!

229 3445 336 3497 Graecis
362 3446 455 3496 fabulis
479 3447 562 3513 magis
588 3461 643 3496 esse
667 3447 700 3496 ad
726 3449 830 3498 vcrbum
850 3464 984 3513 expressas
1009 3443 1091 3512 qiram'
1108 3448 1259 3497 comoedias.
1287 3429 1333 3488 ‘l

228 3534 305 3586 Hunc
324 3549 435 3584 errorem
454 3536 504 3586 iam
526 3550 542 3582 a
560 3535 724 3585 Witzschclio
745 3539 906 3586 commissum
931 3538 956 3586 in
976 3537 1049 3584 Pauli
1068 3551 1122 3585 eno.
1142 3553 1161 3584 s.
1181 3551 1203 3584 s.
1229 3521 1334 3582 comoedil

228 3624 339 3688 explosit
358 3623 507 3684 Ladcwicns
527 3622 617 3673 Conon
637 3624 711 3674 Volo.
731 3625 791 3675 Sed.
810 3641 835 3690 p.
858 3631 904 3686 193
923 3631 993 3672 ortus
1011 3625 1112 3672 videtur
1131 3637 1164 3674 cx
1183 3623 1257 3673 Gellii
1275 3607 1333 3664 verti!

228 3711 370 3772 ‚‚Naevium
390 3713 421 3760 de
440 3711 597 3762 Graecorum
615 3727 686 3761 more
705 3720 838 3776 poetarum
858 3712 953 3775 probra
970 3712 996 3760 in
1014 3712 1142 3776 principes
1161 3709 1301 3760 coniecisse.
1316 3717 1333 3732 ²

228 3799 249 3861 ⁸)
269 3798 393 3849 Onussam
417 3800 491 3849 huius
510 3801 546 3848 rai
572 3801 672 3863 egregie
692 3801 810 3862 exposuit
828 3801 978 3849 Laconicus
997 3801 1031 3850 Α.
1051 3800 1092 3850 Sc.
1111 3816 1135 3864 p.
1156 3805 1171 3848 6
1191 3798 1222 3848 of.
1241 3797 1333 3845 Momm

228 3883 262 3934 1b
276 3902 300 3950 p.
322 3891 380 3936 858.
392 3885 426 3924 ’ν
440 3887 462 3949 ⁴)
480 3888 585 3937 Pahlius
603 3902 629 3950 p.
652 3893 679 3936 11
701 3898 818 3950 nugatur.
833 3915 864 3923 -
879 3889 900 3950 5)
920 3887 952 3938 cl
972 3889 1031 3938 Ter.
1050 3887 1116 3936 Eun.
1131 3887 1193 3952 prol.
1210 3891 1241 3935 25
1255 3895 1303 3942 sqq·
1315 3893 1332 3907 ‘

228 3975 249 4035 ο)
268 3974 480 4024 Anaxandridam
499 3989 680 4039 nonnunquam
699 3973 789 4024 Naevii
809 3974 887 4025 suiesc
906 3977 1049 4042 exemplum
1070 3976 1199 4025 contendit
1208 3968 1334 4024 Welckerll

225 4075 251 4126 p.
273 4067 348 4112 loca.

198 1283 217 1320 Ι
