2712 4630
590 175 599 196 ·
679 153 887 250 ...mne

217 337 396 406 Naevianus
416 337 544 404 fabulas
565 337 818 426 persequebatur
840 361 904 405 non
927 340 1031 404 minus
1051 362 1092 406 sc
1111 341 1215 405 Livii
1232 343 1330 426 tempo

218 429 472 530 'simplicissimus
494 442 572 520 fuit,
596 445 680 508 teste
705 442 907 526 Cicerone,1)
929 447 1002 531 qui:

307 548 391 626 „llla
414 548 558 633 quidem,
588 550 709 633 inquit,
739 572 821 634 quae
844 549 990 616 solebant
1012 549 1196 635 quondam
1223 549 1323 634 compl

219 653 389 720 severitate
411 653 551 720 iucunda
573 655 716 720 Liuianis
739 659 772 719 et
794 653 964 722 Naevianis
988 655 1114 730 modis,
1149 677 1247 719 nunc
1271 657 1305 717 ut

218 757 291 822 dem
322 757 485 826 exultant!
530 761 666 825 cervices
702 760 875 844 oculosque
912 760 1035 846 pariter
1072 783 1157 824 cum
1202 759 1315 824 moder

218 862 409 927 flexionibus
437 867 623 946 torquent.“
675 863 864 950 Sermonem
896 864 1097 930 Naeuianum
1137 865 1313 951 optimee

218 967 372 1034 Plautino
414 989 607 1054 componere
647 969 740 1035 nobis
778 969 941 1047 videmur,
984 991 1082 1054 quum
1132 969 1245 1035 ambo
1282 989 1323 1032 saa

201 1072 379 1138 ‘coniuncti
412 1073 615 1142 inveniantur
650 1075 737 1160 apud
770 1075 943 1160 scriptores
979 1076 1136 1159 antiquos
1176 1097 1243 1140 nee
1277 1073 1329 1136 nini

219 1178 375 1263 temporis
399 1180 503 1265 spatio
527 1203 609 1244 unus
632 1179 672 1244 ab
696 1179 797 1260 altero
822 1180 969 1260 distet.²)
1008 1179 1211 1264 Utrumque
1221 1179 1331 1242 nonina

220 1279 336 1347 Cicero
348 1286 372 1365 ³)
399 1297 501 1368 nuum
533 1283 771 1370 simplicitatem
802 1285 919 1349 veteris
948 1286 1105 1351 sermonis
1140 1285 1266 1349 laudat
1285 1283 1320 1346 his

219 1386 342 1454 verbis:
388 1389 569 1474 „Equidem
593 1412 691 1474 quum
714 1390 809 1456 audio
831 1411 958 1476 socrum
981 1412 1085 1458 meam
1107 1389 1319 1464 Laeliorum

220 1494 265 1559 sic
287 1495 383 1560 audio
407 1498 443 1558 ut
465 1495 620 1560 Plautum
643 1495 725 1560 mihi
736 1498 793 1560 aut
808 1495 964 1561 Naevium
980 1476 1091 1559 uidear
1107 1495 1243 1560 audire.
1280 1491 1325 1556 Son

219 1600 292 1685 ipso
322 1599 409 1662 vocis
441 1600 488 1662 ita
513 1603 603 1664 recto
635 1605 669 1666 et
698 1601 834 1687 simplici
861 1605 925 1678 est,
957 1603 995 1665 ut
1024 1599 1102 1664 nihil
1135 1595 1328 1668 ostentatio'

219 1707 276 1766 aut
306 1704 496 1784 imitationis
526 1704 652 1797 adferre
683 1707 831 1772 videatur
861 1727 901 1770 ex
923 1728 987 1789 quo
1018 1707 1065 1788 sic
1087 1706 1273 1792 loquutum
1296 1720 1331 1766 ses

220 1809 287 1872 eius
312 1812 437 1894 patrem
467 1809 590 1902 iudico,
622 1811 667 1876 sic
696 1812 849 1887 maiores,
878 1834 954 1884 nou¹
974 1833 1089 1897 aspere
1120 1817 1162 1876 ut
1193 1811 1249 1876 ille
1270 1827 1329 1891 quen

220 1913 297 2000 dixi,
320 1937 386 1979 non
408 1917 509 1991 vaste,
532 1939 597 1982 non
619 1917 749 1993 rustice,
772 1939 837 1981 non
858 1915 962 1980 hiulce
984 1918 1042 1982 sed
1064 1909 1182 2002 presse
1204 1919 1240 1980 et
1255 1931 1330 1995 aequ

220 2019 327 2085 biliter
358 2023 392 2086 et
419 2021 603 2104 leniter.“⁴)
657 2022 722 2086 Sed
754 2023 890 2107 propter
919 2019 976 2084 hae
1004 2020 1115 2086 laudes
1148 2019 1270 2088 Cicero
1294 2035 1328 2082 nu

220 2124 340 2191 oblitus
363 2130 414 2191 est
434 2128 587 2192 'vitiorum
606 2133 687 2211 quae
709 2127 754 2190 illi
777 2126 917 2190 sermoni
934 2124 1166 2202 adhaerebant,
1184 2126 1264 2191 licet
1278 2121 1329 2186 enin

219 2232 331 2297 Laelio
353 2254 417 2296 non
439 2231 544 2297 hiulce
559 2232 696 2315 loquuta
718 2231 770 2306 sit,
794 2229 951 2295 Naevium
974 2234 1082 2296 tamen
1104 2233 1262 2296 numerat
1279 2229 1328 2290 inlc

220 2357 275 2400 eos
298 2339 412 2421 poetas
435 2337 505 2420 qui,
530 2340 568 2400 ut
591 2357 717 2401 versum
741 2333 899 2412 facerent,
923 2357 1019 2422 saepe
1040 2334 1222 2418 hiabant.⁵)

309 2439 375 2504 Sed
405 2440 432 2505 si
462 2441 532 2526 quis
561 2448 646 2507 nuno
674 2440 789 2506 Naevii
822 2463 1002 2506 sermonem
1038 2440 1224 2506 describere
1258 2433 1329 2502 vellet

221 2567 303 2632 opus
331 2546 464 2610 nimium
496 2549 690 2634 susciperem
730 2569 829 2631 quum
861 2547 948 2616 enim
985 2545 1137 2632 pleraque
1176 2539 1331 2630 fragment

208 2643 356 2738 'propter
387 2653 422 2718 id
448 2653 556 2740 ipsum
584 2652 676 2718 nobis
706 2655 834 2717 servata
863 2652 928 2716 sint
958 2651 1044 2734 quod
1082 2651 1253 2734 antiquum
1281 2635 1328 2727 quid

221 2757 395 2834 sonabant,
424 2761 583 2824 nescimus
615 2761 724 2822 utrum
748 2757 878 2822 omnino
908 2755 1066 2821 eiusmodi
1095 2752 1282 2820 archaismis
1306 2764 1331 2807 re·

223 2863 329 2948 pletae
363 2862 483 2930 fuerint
516 2861 645 2927 fabulae
677 2884 785 2927 necne.
798 2865 822 2944 6)
884 2861 960 2928 Hoc
998 2864 1108 2926 tamen
1138 2863 1264 2926 certum
1293 2851 1329 2918 etl

222 2968 365 3032 omnium
399 2967 483 3032 illius
518 2967 674 3052 temporis
708 2971 878 3052 poetarum
913 2988 1013 3052 opera
1046 2989 1109 3030 non
1141 2966 1224 3030 adeo
1260 2957 1330 3024 luisse

222 3074 356 3158 antiqua
385 3077 423 3136 ut
452 3095 516 3138 non
538 3072 802 3158 intellegerentur
834 3071 999 3137 Ciceronis
1033 3074 1157 3146 aetater
1180 3077 1329 3149 nunquam

221 3179 321 3254 enim,
346 3180 373 3242 si
395 3178 456 3243 hoc
479 3180 612 3244 nonita
635 3182 733 3254 esset,
763 3176 878 3262 Cicero
900 3176 1028 3242 illorum
1057 3180 1229 3262 poetarum
1258 3162 1334 3234 veru

220 3284 254 3348 in
276 3283 365 3348 libris
381 3283 611 3372 philosophicis
634 3283 807 3359 attulisset,
831 3281 918 3347 nulla
933 3282 1044 3346 addita
1065 3284 1153 3357 nota,
1175 3300 1244 3346 sese
1258 3269 1318 3340 verb

221 3387 275 3454 illa
298 3393 448 3454 mutasse.

295 3606 314 3663 ¹)
335 3603 388 3655 Cic.
408 3605 440 3660 ds
459 3604 525 3666 legg.
545 3608 571 3662 2,
592 3607 632 3662 15,
651 3608 693 3652 ³9.
721 3628 751 3637 -
772 3601 793 3662 ¹)
813 3599 844 3650 cl.
864 3599 971 3650 Ritecbl.
990 3613 1043 3663 par.
1069 3613 1092 3662 p.
1116 3603 1171 3648 111.
1204 3621 1236 3632 ·-
1265 3592 1283 3652 ’l
1303 3585 1329 3634 ⁰⁶

223 3700 286 3742 orat.
307 3699 331 3751 3,
353 3697 393 3751 12,
414 3696 454 3742 45.
477 3717 508 3726 —
527 3691 549 3751 ⁴)
571 3690 768 3738 Adliterntiones
788 3688 891 3751 collegit
909 3688 987 3737 nimio
1011 3686 1119 3736 tortasse
1141 3685 1224 3735 studio
1241 3672 1334 3730 uacuo

222 3781 248 3830 in
267 3781 302 3829 Μ.
322 3780 370 3830 Rh.
393 3784 459 3829 1829
479 3795 503 3843 p.
524 3783 575 3828 35³
594 3787 641 3828 etc.
680 3777 766 3826 Voces
783 3775 899 3824 naturam
918 3775 1029 3824 imitatas
1048 3774 1232 3823 Klossmannus
1250 3755 1334 3850 collegit}

222 3885 246 3933 p.
267 3874 326 3918 212.
354 3895 385 3905 -
411 3869 433 3929 ⁸)
459 3863 511 3918 Cic.
539 3867 609 3916 Orat.
629 3870 672 3927 45,
694 3869 750 3913 152.
781 3887 812 3900 ·-
845 3863 867 3922 ο>
894 3861 984 3912 Naevii
1009 3875 1152 3912 sermonem
1175 3855 1334 3914 nounuuqssffll

222 3956 302 4006 fuisse
319 3957 443 4020 liquidum
462 3966 540 4020 atquc
558 3952 660 4003 lscilem
680 3951 822 4014 fragments
836 3950 947 4013 Lycurgi
967 3949 1087 4000 Hectorls
1099 3945 1253 3998 Terentillam
1269 3943 1334 3988 osten

224 4047 299 4107 dunt,
320 4059 386 4110 quae
404 4044 557 4110 pulcerrime
576 4041 652 4090 vertit
668 4040 787 4090 Momms.
807 4033 842 4086 lb
856 4053 882 4102 p,
902 4042 960 4088 880.
