2712 4630
388 205 392 214 '
453 258 464 278 ,
548 204 588 266 ts

11 377 171 479 ppu'gnat
192 391 449 492 eamqnstdeleri
467 392 559 458 iubet
573 390 689 480 (Vlll)
711 391 832 484 Mulier
853 393 977 458 interea
991 395 1136 460 amatum
1246 372 1249 380 ¹

10 497 170 563 escondit
200 499 292 582 eique
317 497 445 584 inponit
474 487 636 563 silentium
659 495 764 586 (Vll).
802 495 858 563 De
875 495 1139 566 Graeoaiabula

10 625 87 666 uam
113 602 313 688 expresserit
323 601 465 666 Naevius
486 624 551 668 nou
574 605 702 669 constat
709 625 720 680 3
737 603 873 691 'scripsit
887 603 971 668 enim
986 603 1136 668 Eubulus

10 729 85 772 uem
115 727 346 791 nonnunquam
369 707 524 792 sequitur,
547 706 691 773 fabulam
714 691 999 793 Etrpaaonuilltac,
1022 708 1079 772 sed
1100 708 1136 772 in

9 814 116 877 ostris
137 811 329 903 fragmentis
351 811 391 876 de
412 831 478 876 una
498 812 627 877 tantum
650 811 783 877 muliere
805 833 921 878 sermo‘
934 817 984 878 est
1005 835 1072 878 non
1093 812 1136 877 de

9 917 143 983 laribus
165 920 199 981 et
221 915 406 1003 refragatur
427 917 534 1003 ipsum
557 916 742 982 comoediae
763 909 880 982 nomen
902 917 991 1002 quod
1005 935 1135 982 neeesse
1171 911 1184 940 ’·

9 1026 41 1086 st
62 1043 148 1088 voce
169 1021 348 1099 „muliere“
370 1021 587 1108 suppleamus.
631 1019 754 1088 Mulier
781 1021 866 1086 enim
894 1043 978 1106 quaa
1003 1021 1134 1087 fabulae

9 1148 115 1192 omen
135 1125 224 1191 dedit
246 1129 296 1193 est
318 1126 495 1204 corollaria,
527 1149 630 1210 neque
658 1127 787 1193 videtur
813 1124 924 1191 fabula
952 1126 993 1190 de
1014 1125 1137 1192 corolla

8 1229 102 1316 liqna
125 1232 432 1318 nomen'acospisse.
469 1231 540 1297 Aut
563 1232 703 1298 mutavit
722 1231 826 1317 igitur
847 1221 989 1297 Naevius
1011 1231 1134 1298 Eubuli

8 1335 138 1400 abulam
157 1337 208 1401 ita
224 1339 264 1400 ut
285 1359 347 1424 pro
370 1336 496 1403 duabus
519 1336 707 1402 mulieribus
733 1357 831 1400 unam
857 1335 1043 1412 induceret,
1074 1339 1133 1401 aut

8 1441 176 1528 xemplum
198 1441 283 1506 aliud
309 1441 452 1507 habebat
473 1443 564 1508 cuius
585 1463 704 1508 nomen
725 1439 865 1507 fortasse
887 1439 1133 1525 Στεφανόπωλις
1164 1435 1167 1440 ’

7 1548 70 1610 rat.
120 1543 294 1612 Nasbana
321 1545 480 1612 ritionem
508 1550 655 1613 tenemus
675 1549 715 1612 ut
737 1546 832 1612 aliam
855 1543 997 1610 fabulam
1018 1559 1140 1629 sequa-⁸

7 1651 125 1727 ussit,
157 1672 256 1735 quum
278 1652 334 1717 vix
361 1651 530 1739 intellegas
559 1673 618 1718 eur
638 1652 805 1718 Romanus
829 1655 928 1739 poeta
957 1671 1052 1737 quem
1080 1649 1132 1716 vel
1211 1702 1213 1706 .

7 1755 227 1834 ontaminasse
248 1758 366 1822 acimum
388 1760 427 1822 ut
453 1779 524 1823 rem
545 1747 791 1844 implicatiorem
814 1757 965 1834 efiiceret,
987 1757 1034 1823 sic
1055 1756 1132 1822 reia·

6 1863 73 1926 erit
94 1861 230 1927 alteram
253 1863 430 1939 mulierem,
452 1863 486 1926 in
509 1879 574 1946 qua
595 1865 684 1931 certe
705 1862 803 1929 cardo
825 1863 873 1928 rei
896 1861 1096 1929 versabatur.

264 2217 266 2222 ,
342 2126 491 2228 XVIII.
552 2128 764 2214 DANAE.

60 2315 91 2366 cl.
112 2317 237 2368 Ribbeck.
257 2325 321 2384 trag,
338 2295 385 2369 ¹rel.
405 2335 429 2384 p.
450 2295 493 2370 bs

77 2470 237 2538 Undeoim
260 2471 356 2538 huius
372 2472 503 2541 fabulae
518 2478 632 2542 extant
644 2474 829 2560 fragmenta
843 2495 980 2558 quorum
997 2474 1137 2538 sextum

5 2575 39 2638 is
62 2576 191 2654 eitatm,
215 2599 298 2662 quae
320 2599 421 2664 quum
443 2581 552 2645 omnia
573 2601 614 2646 ex
634 2578 744 2646 Nonio
765 2578 938 2664 desumpta
959 2578 1039 2653 sint,
1052 2580 1126 2642 stu-
1216 2625 1220 2630 -

5 2700 82 2745 aere
109 2679 235 2760 licebit,
264 2684 372 2770 ipsum
395 2673 538 2750 Nonium
566 2684 648 2752 banc
676 2683 820 2750 fabulam
843 2685 918 2748 ante
940 2681 1051 2748 oculos
1071 2680 1126 2746 ha-

5 2785 111 2862 uisse3
143 2787 368 2853 duodecimum
381 2773 611 2878 ¹fragmentum
633 2791 757 2856 accedit
779 2788 866 2875 quod
888 2788 974 2854 Livii
995 2786 1126 2852 nomine

5 2890 99 2956 ludat
127 2889 264 2956 Nonius.
305 2892 358 2959 De
384 2899 501 2981 poetae
526 2894 720 2980 fabulaeque
749 2895 879 2960 nomine
908 2894 1037 2959 constat
1065 2911 1125 2957 nec

5 2995 91 3060 ninus
115 2996 155 3061 de
174 2997 308 3083 sing'ulis
329 2997 533 3086 fragmentis,
554 2999 634 3065 nihil
649 3001 733 3065 enim
747 2998 951 3064 difficultatis
966 2997 1124 3083 praebent
1153 3085 1155 3090 ,

5 3099 136 3187 algares
165 3101 211 3166 illi
239 3125 366 3170 errores
389 3103 506 3188 quibus
526 3105 622 3171 Daue
649 3127 705 3170 seu
729 3103 816 3170 Sane
846 3124 903 3168 seu
924 3100 1040 3166 Danea
1061 3123 1123 3187 pru

5 3202 99 3271 lanae
120 3206 154 3270 in
175 3206 266 3272 libris
280 3209 453 3276 invenitur.
485 3207 551 3276 Sed
567 3209 789 3294 Welokerus2)
810 3207 1008 3274 comoediam
1023 3205 1123 3272 fuisse

5 3307 122 3376 lanaen
138 3314 263 3378 censuit
283 3315 425 3400 primum
449 3315 536 3401 quod
551 3315 667 3380 Danae
689 3337 708 3378 a
729 3317 823 3401 patre
851 3335 917 3380 non
937 3311 1123 3379 includatur

5 3415 40 3478 ed
63 3417 208 3497 eiciatur,
232 3420 335 3505 quod,
357 3441 458 3506 quum
480 3444 501 3486 a
522 3420 637 3507 mytho
659 3420 798 3488 alienum
820 3420 876 3498 sit,
900 3417 1037 3484 simula
1059 3419 1121 3482 tra

5 3519 102 3598 :oedia
126 3523 266 3590 alienum
289 3547 360 3591 esse
381 3527 432 3592 vir
452 3526 657 3592 acutissimus
680 3525 855 3592 contendit
893 3520 1021 3592 Deinde
1042 3543 1121 3587 vero

5 3629 165 3713 tegmenta
186 3631 339 3698 nonnulla
360 3631 560 3702 comoediam
582 3631 612 3697 ei
631 3653 745 3718 sapere
758 3629 960 3706 videbantur,
982 3624 1137 3711 exempli·
1217 3689 1219 3692 ,
1256 3617 1257 3624 ¹

5 3731 91 3808 ,Talia
117 3732 197 3799 illud
225 3736 313 3820 quod
340 3735 538 3804 Ribbeckius
565 3735 713 3803 codicum
738 3733 960 3801 Nonianornm
982 3729 1119 3797 aucturi-
1219 3745 1225 3758 ’

5 3839 52 3901 ate
74 3842 183 3904 motus
204 3839 301 3909 Livio
323 3842 494 3924 tribuitzll)

53 4086 74 4147 ¹)
93 4083 125 4134 cl.
144 4084 218 4136 Ribb.
238 4093 302 4152 trag.
322 4085 366 4137 rel.
385 4101 409 4153 p.
430 4092 455 4141 2.
475 4111 508 4126 -
528 4088 592 4156 ¹)p.
614 4090 690 4141 1871.
708 4080 827 4152 -1'⁸)'p.
847 4086 905 4135 47³.
