2712 4630
432 197 593 261 ·73

15 379 155 448 laelium
188 379 268 449 mihi
298 397 393 448 snam
426 384 619 452 sententiam
651 407 718 453 non
748 386 956 474 persuasisse,
972 387 1140 460 sensatur

14 487 82 552 nim
110 486 186 550 tota
215 486 362 570 quaestio
377 486 430 570 *de
458 486 519 554 hac
539 510 577 556 re
596 489 631 554 in
650 489 798 557 Terentii
818 491 904 558 Eun.
928 495 970 558 25
992 511 1063 576 sqq.
1082 489 1141 556 ubi

14 591 140 656 ruscius
161 590 362 668 Lanuvinus,
391 591 478 658 lianc
499 594 585 660 enim
606 594 753 662 Terentii
773 595 864 662 illum
886 593 1139 664 obtrectatorem
1232 577 1239 590 ’

13 696 98 762 uisse
119 695 251 770 sumtu,
275 695 395 762 dicitur
408 696 564 776 Terentio
585 699 666 766 haec
679 701 850 766 obiecisset

105 797 283 879 „Colacem
305 823 377 868 ease
396 801 500 870 Naevi
521 807 556 870 et
576 804 688 871 Plauti
707 807 851 872 veterem
871 804 1015 873 fabulam

105 905 251 972 Parasiti
270 927 442 994 personam
462 909 539 977 inde
560 907 704 976 ablatam
728 912 762 975 et
782 910 927 978 militis.“
1241 979 1246 988 ,

12 1009 173 1076 lerentius
200 1032 281 1078 aero
308 1013 348 1078 ut
374 1033 448 1080 sese
472 1001 518 1080 ‘ab
545 1013 602 1108 illo
628 1014 806 1102 opprobrio
841 1017 1013 1104 purgarat,
1048 1013 1139 1082 addit

11 1135 101 1181 saec:
131 1169 136 1178 s

91 1218 222 1297 „Colax
242 1220 459 1301 Menandrist,
480 1223 515 1290 in
535 1243 576 1290 ea
597 1227 649 1290 ast
670 1225 833 1312 parasitus
854 1224 948 1292 colax

88 1325 136 1391 Et
159 1325 250 1392 miles
272 1326 449 1414 gloriosm:
470 1349 525 1394 eas
547 1351 582 1396 ee
603 1329 742 1398 hicnon
763 1332 864 1416 negat

86 1429 249 1497 Personas
269 1432 530 1500 transtulisae'in
550 1433 746 1501 Eunuchum
768 1455 860 1501 suam

86 1535 143 1602 Ex
165 1534 306 1604 Graeca:
329 1541 380 1604 set
401 1558 456 1603 aas
477 1537 604 1605 fabulas
625 1538 730 1606 factm
755 1541 848 1626 prius

86 1641 226 1708 loona
246 1642 346 1708 scissa
367 1663 447 1718 sese,
469 1643 505 1708 id
525 1665 605 1710 vero
626 1647 819 1732 peregero
948 1629 952 1640 ’

9 1743 97 1827 Quae
117 1745 265 1813 Terentii
284 1746 386 1814 verba
406 1746 603 1815 Ritsclrelius
623 1750 673 1814 ita
694 1749 834 1816 mnmvit
854 1751 894 1816 ut
914 1749 1038 1837 legeret
1059 1759 1061 1766 ’

86 1851 165 1930 „lix
188 1849 327 1929 Graeca,
348 1853 399 1918 sat
421 1873 478 1918 eas
499 1853 542 1920 ab
563 1853 635 1918 aliis
655 1851 760 1922 factae
781 1855 906 1941 prius.“
984 1911 986 1916 .
1009 1839 1014 1848 ’

8 1951 72 2020 seu
91 1958 117 2021 si
138 1957 287 2023 codicum
307 1957 579 2024 Terentianoram
606 1957 779 2025 lectionem
808 1959 949 2036 tuemur,
979 1957 1058 2024 haec
1078 1958 1139 2024 'lc

7 2062 97 2126 rentii
118 2064 169 2128 est
189 2062 368 2128 sententias
401 2061 584 2130 Menander
611 2059 765 2130 Colacem
793 2062 925 2149 scripsit
952 2063 986 2128 in
1015 2084 1080 2146 qua
1106 2064 1140 2127 et

7 2163 129 2232 Colscis
152 2164 187 2234 et
208 2167 326 2244 Militis
349 2166 494 2236 Gloriosi
515 2187 672 2255 personae
694 2170 780 2245 sunt,
809 2167 906 2233 hasce
926 2187 1005 2232 aero
1031 2188 1140 2253 persa

6 2288 70 2348 aaa,
94 2271 247 2340 Colacem
276 2272 398 2340 scilicet
424 2275 459 2339 et
476 2272 621 2342 Militem
643 2270 834 2342 Gloriosum
855 2271 982 2339 fabulas
1003 2271 1140 2338 Latinas

6 2373 102 2442 botas
121 2400 193 2444 esse
214 2379 384 2464 ignorasse
407 2399 478 2443 eme
499 2377 675 2464 profitetur
695 2380 805 2463 poeta.
849 2377 998 2444 Adducit
1024 2397 1076 2444 me
1096 2375 1140 2444 sd

6 2476 85 2547 hanc
108 2484 316 2562 senteutiam,
349 2484 388 2548 ut
416 2482 460 2547 de
486 2480 599 2548 Plauti
631 2481 733 2548 milite
765 2483 908 2568 cogitem
939 2482 1020 2549 illud
1051 2479 1140 2566 quod

6 2589 102 2672 posta
115 2609 154 2652 ex
167 2587 290 2655 Naevio
305 2587 485 2676 parasitum
507 2609 549 2652 ex
570 2585 689 2652 Plauto
714 2586 849 2652 militem
869 2587 1045 2673 sumpsisse
1066 2607 1139 2651 con-

6 2690 99 2756 icitur
130 2692 344 2779 probabiliter
380 2715 421 2758 ex
456 2689 668 2758 collocatione
696 2689 870 2758 verborum
896 2695 930 2756 et
953 2689 1040 2775 quod
1066 2692 1138 2754 tam

6 2797 162 2882 expressis
183 2796 292 2862 verbis
311 2797 453 2863 Militem
476 2795 667 2864 Glorioaum
697 2795 857 2884 appellat,
887 2794 978 2882 quod
999 2793 1138 2862 fortuito

6 2897 124 2966 lactum
144 2921 215 2967 esse
235 2922 301 2966 non
322 2902 436 2979 cred03
463 2901 521 2967 sed
542 2903 631 2966 certe
652 2901 798 2988 respexit
818 2900 989 2967 Plautinae
1010 2899 1139 2966 fabulae

6 2987 126 3070 nomen.
172 3001 229 3071 Sic
255 3005 358 3093 igitur
385 3027 455 3072 rem
487 3005 551 3072 sibi
582 3006 726 3093 cogitat,
759 3009 934 3094 praeeunte
955 3004 1137 3082 Lanuvino,

6 3105 180 3189 terentius,
209 3105 371 3176 Naevium
401 3133 443 3176 ex
462 3109 638 3179 Menandri
666 3109 776 3176 fabula
804 3109 952 3196 inprimis
974 3106 1137 3186 Colacem,

6 3208 156 3280 Plautum
176 3236 255 3281 vero
276 3214 419 3283 Militem
446 3207 623 3303 sumpsiss‘e
653 3215 867 3301 propriasque
894 3213 1021 3281 fabulas
1048 3212 1138 3280 hisce

6 3316 183 3384 nominibus
205 3319 381 3408 scripsisse,
412 3322 446 3386 et
468 3320 514 3386 sic
536 3317 665 3390 Colecis
687 3339 826 3407 persona
847 3317 935 3385 facta
957 3321 1008 3384 est
1027 3315 1138 3384 fabula

6 3415 120 3488 [retina
140 3426 175 3490 et
196 3421 295 3492 Miles
317 3424 506 3502 Gloriosus;
529 3427 668 3510 utraque
692 3446 793 3511 quum
815 3445 856 3490 ex
872 3421 1001 3490 Graeca
1016 3419 1137 3488 Colace

6 3544 154 3614 expressa
174 3530 340 3596 videretur
362 3527 469 3596 Colax
490 3519 650 3596 nominari
677 3529 806 3617 potuit;¹
831 3551 891 3594 nec
917 3519 1027 3594 tamen
1054 3525 1138 3591 dixit

6 3637 97 3716 poeta
119 3633 280 3711 „Colacss
301 3656 371 3702 esse
392 3633 509 3702 Naevii
531 3636 565 3699 et
586 3633 698 3700 Plauti
719 3637 844 3702 veteres
866 3631 1014 3698 fabulas“
1035 3651 1136 3714 quum

6 3736 132 3822 pluralis
157 3761 311 3805 numerus
340 3738 437 3805 simul
464 3737 649 3805 fabularum
670 3761 788 3806 nomen
809 3741 962 3815 mutaret,
991 3738 1030 3800 ut
1050 3735 1138 3822 cogi·

6 3841 126 3908 taretur
158 3843 200 3911 de
233 3842 394 3910 colacibus
428 3865 494 3910 non
510 3844 568 3909 'de
600 3843 717 3911 colace.
785 3839 941 3908 Ceterum
970 3841 1136 3925 ‘quantum
1235 3835 1239 3840 ’

6 3949 156 4016 erraverit
201 3949 343 4018 Luscius
394 3950 483 4036 quod
527 3970 568 4016 ex
615 3945 743 4018 Graeca
785 3945 905 4016 Colace
948 3945 1136 4012 Plautinam

6 4047 140 4121 Militem
161 4076 349 4146 expressam
370 4076 441 4124 essa
462 4055 597 4132 statuit,
627 4055 734 4120 sciunt
763 4073 849 4122 nunc
870 4050 1001 4137 quidem
1023 4069 1135 4126 omnes
