2734 4610
782 191 821 250 26

117 429 123 451 s
244 379 397 440 moratur.
442 377 555 442 Tertio
576 376 659 442 libro
682 375 838 442 Anchises
861 375 1039 462 auspicium
1062 375 1161 440 videt
1179 377 1219 439 et
1236 375 1349 450 Amuli

158 467 159 472 ἵ
242 503 297 546 rex
319 481 505 568 gratulatur
520 482 612 547 divis.
652 480 752 561 Quod
767 482 828 545 nisi
843 484 1082 567 praeoccupato
1104 480 1238 545 iudicio
1265 485 1349 546 muta

242 587 404 662 uolumus,
443 571 651 652 statuendum
682 590 749 662 est,
789 585 851 650 hoo
880 584 963 651 libro
1000 586 1143 650 Aeneam
1180 608 1266 650 cum
1299 591 1350 670 pat

242 691 380 756 Anchisa
401 691 529 756 ltaliam
551 691 675 756 venisse
691 694 724 755 et
740 711 790 754 res
805 691 838 755 iu
853 691 949 756 ltalia
970 693 1079 776 gestas
1094 689 1202 756 fuisse
1227 713 1349 754 narra-

239 797 329 860 urbis
350 797 475 861 Romae
497 797 670 881 originem,
703 794 774 858 alia.
820 793 949 874 Quarto
979 796 1062 860 libro
1085 806 1136 860 res
1160 803 1287 882 gestas
1309 796 1347 858 br

239 901 362 966 Punico
385 901 572 976 invenimus,
596 904 745 964 narratur
768 901 851 964 enim
876 902 1039 992 quomodo
1061 885 1209 966 Romani
1235 901 1340 967 Meli

180 997 189 1018 ‘
239 1007 374 1070 insulam
398 1005 585 1090 depopulati
615 1005 681 1068 sint
711 1008 825 1068 octavo
845 1005 919 1069 belli
943 1027 1045 1078 annua
1075 1009 1176 1089 atque
1211 1007 1301 1071 haec
1320 1008 1348 1092 ip

239 1134 290 1176 res
313 1113 346 1174 in
368 1111 430 1175 fine
446 1100 541 1174 huius
563 1109 636 1173 libri
652 1113 781 1174 narrata
804 1107 874 1174 esse
895 1110 1034 1186 videtur,
1057 1116 1095 1175 ut
1117 1113 1279 1176 conicere
1298 1112 1318 1174 li

239 1217 355 1302 viginti
377 1220 444 1279 tres
468 1238 523 1279 seu
539 1219 680 1299 quatuor
702 1236 802 1277 annos
818 1212 891 1277 belli
906 1213 1037 1283 Poenici
1052 1217 1099 1280 ita
1120 1217 1154 1280 in
1179 1217 1350 1302 posterio

238 1320 338 1386 libros
362 1319 460 1386 fuisse
483 1319 693 1394 distribuas,
725 1321 763 1382 ut
778 1317 866 1397 ¹aaa
896 1319 956 1395 iv,
979 1320 1021 1396 v,
1045 1320 1102 1388 vr.
1128 1304 1298 1407 septenos
1322 1319 1339 1383 r·

240 1449 340 1490 annos
360 1421 681 1512 complecterentur,
721 1424 877 1508 septimus
910 1446 987 1490 vero
1020 1420 1126 1510 ipsum
1159 1427 1246 1492 belli
1283 1427 1351 1490 fina

238 1531 436 1616 Fragmenta
457 1529 530 1593 libri
554 1529 637 1592 sexti
648 1528 830 1614 ‚complecti
845 1529 995 1594 videntur
1010 1513 1125 1594 foedus
1142 1554 1222 1596 cum
1241 1533 1347 1598 Hiero

238 1658 316 1720 rege
338 1637 452 1709 ictum,
485 1657 627 1719 pugnam
652 1655 715 1718 qua
738 1633 923 1720 elephantes
946 1635 1108 1712 Romanas
1131 1636 1288 1722 legiones
1316 1658 1346 1699 co

193 1795 198 1806 .
240 1741 366 1816 terunt,
397 1739 512 1802 deinde
533 1760 637 1805 sermo
660 1740 701 1802 de
723 1739 878 1804 Romanis
908 1763 977 1804 esse
1001 1741 1130 1806 videtur
1158 1745 1219 1830 qui
1244 1744 1282 1806 id
1310 1745 1345 1804 t‘r

224 1845 326 1930 poris
350 1845 521 1929 septimum
544 1843 703 1908 decimum
727 1867 844 1908 annum
861 1846 894 1909 in
911 1843 1020 1910 Sicilia
1043 1847 1208 1916 sedebant.
1258 1847 1348 1912 Ultra

239 1951 375 2043 denique
396 1949 479 2014 libro
501 1949 672 2014 Lutatium
694 1949 735 2012 de
757 1971 835 2034 pace
865 1973 938 2016 cum
961 1950 1080 2017 Poenis
1106 1956 1264 2038 agentem
1290 1975 1350 2036 p

108 2121 114 2130 ,
239 2054 376 2120 induxit.
427 2057 537 2138 Atque
566 2053 618 2118 hic
646 2055 775 2142 quidem
804 2055 943 2120 fortasse
974 2058 1044 2140 quis
1075 2059 1236 2142 suspicari
1271 2052 1351 2142 posi

124 2223 127 2228 .
239 2183 337 2245 quum
361 2161 433 2224 finis
457 2159 559 2224 solum
583 2157 616 2222 in
638 2159 700 2223 hoc
722 2159 805 2224 libro
829 2166 1031 2236 narraretur,
1063 2166 1211 2246 poetam,
1248 2167 1291 2226 ut
1311 2157 1346 2222 lit

240 2265 493 2350 magnitudinem
517 2286 589 2327 cum
613 2266 727 2329 ceteris
758 2270 927 2350 aequaret,
961 2264 1110 2329 absoluto
1143 2265 1228 2332 bello
1255 2258 1351 2332 Punil

239 2371 361 2455 primo,
393 2367 534 2433 breviter
563 2374 598 2434 et
627 2373 794 2456 tamquam
818 2371 851 2433 in
873 2375 1060 2433 transcursu
1089 2371 1306 2456 descripsisse
1342 2394 1345 2413 ’-

214 2477 217 2482 ’
239 2476 313 2540 inde
338 2474 379 2538 ab
401 2475 455 2539 illo
477 2479 625 2562 tempore
646 2497 749 2561 usque
771 2475 812 2538 ad
835 2477 985 2548 aetatem,
1009 2495 1072 2556 qua
1094 2496 1222 2539 carmen
1249 2460 1351 2539 edeb⁴

239 2584 363 2666 gestas3
387 2581 418 2644 in
443 2585 506 2664 qua
529 2583 679 2668 opinione
693 2581 823 2644 firmare
839 2601 911 2641 eum
935 2577 1174 2662 quodammodo
1197 2577 1351 2675 posset

239 2710 351 2752 versus
380 2691 494 2755 contra
520 2687 672 2753 Metellos
703 2683 913 2769 compositus.
966 2684 1124 2750 Attamen
1154 2684 1271 2749 Naevii
1301 2681 1344 2746 lib

240 2793 300 2856 etsi
331 2792 497 2856 annalibus
528 2812 674 2857 sermone
702 2811 767 2853 nou
798 2788 901 2854 multo
928 2789 1106 2875 praestitit,
1141 2787 1351 2874 compositio

239 2898 352 2962 saltem
375 2897 470 2982 longe
486 2898 632 2962 diversus
655 2893 695 2958 ab
716 2894 755 2956 iis
771 2892 876 2958 -fuisse
891 2895 1029 2970 videtur,
1052 2915 1155 2979 neque
1170 2894 1274 2958 ullum
1291 2890 1330 2954 ali

240 3005 333 3067 extat
354 3003 574 3080 testimonium
599 3021 664 3082 quo
687 2999 728 3061 ad
751 2998 909 3063 eiusmodi
932 3000 1124 3064 sententiam
1148 2999 1324 3086 perducam

241 3107 329 3188 Quin
349 3111 456 3172 totum
479 3105 558 3170 illud
580 3125 669 3188 opus.
686 3105 809 3188 optime
832 3103 1043 3169 distributum
1073 3110 1171 3188 atque
1192 3105 1225 3168 in
1249 3125 1285 3168 se
1307 3115 1349 3185 pu

239 3213 360 3293 fectum
391 3233 504 3276 omnes
524 3209 601 3272 alias
628 3229 680 3271 res
701 3208 879 3294 neglexisse
901 3210 1030 3275 videtur
1059 3229 1140 3293 quae
1168 3231 1234 3274 non
1262 3206 1351 3272 incia

239 3339 401 3384 connexae
424 3317 530 3378 essent
553 3334 624 3376 cum
649 3312 732 3378 bello
754 3313 888 3380 Punico.

332 3420 432 3500 Quod
454 3418 539 3481 enim
560 3421 691 3482 Aeneae
719 3441 846 3485 errores
876 3419 1046 3506 descripsit
1075 3442 1140 3486 non
1169 3415 1330 3484 aberravit

241 3532 329 3594 recta
351 3526 412 3598 via,
437 3544 536 3606 quum
551 3521 603 3586 illi·
613 3543 738 3588 errores
760 3528 926 3609 tamquam
949 3547 1057 3590 semen
1078 3528 1266 3611 spargerent
1287 3541 1351 3584 ua·v

113 3704 118 3714 ,
240 3637 317 3720 post
339 3628 441 3693 multa
463 3627 590 3692 saecula
619 3632 771 3696 cruentus
794 3630 850 3694 ille
868 3631 928 3695 flos
950 3629 1023 3694 belli
1047 3634 1180 3696 exortus
1203 3635 1260 3694 est.
1303 3624 1351 3688 p„

240 3737 418 3822 quidquam
443 3736 571 3820 praeter
593 3732 652 3798 hos
676 3757 801 3800 errores
818 3741 851 3799 et
866 3740 995 3821 praeter
1007 3735 1141 3800 Romae
1157 3725 1345 3816 Carthagini

241 3863 303 3926 que
325 3838 464 3925 origines
494 3839 640 3924 attigisse
663 3844 761 3926 poeta
783 3833 913 3906 videtui
924 3844 950 3925 1)
977 3840 1034 3904 sed
1056 3841 1165 3904 statim
1190 3837 1229 3903 ab
1242 3833 1349 3919 *origiu-

313 3986 332 4047 ¹)
350 3955 523 4035 Mommsenio
546 3981 620 4048 Iup.
640 3989 689 4033 904
717 3985 823 4033 candem
849 3985 999 4034 senteutiam
1029 3991 1113 4034 tuetur
1133 3983 1243 4047 dicitque
1259 3976 1349 4032 Enniu

240 4089 341 4140 quoquc
359 4075 468 4125 obseura
486 4074 583 4140 primas
600 4071 756 4137 reipublicae
773 4081 890 4140 tcmpqra
908 4073 1029 4124 omisisse.
