2712 4630
557 209 599 269 ⁷5

96 395 340 464 Klussmannus
363 397 419 480 qui
440 397 578 463 credidit
598 397 633 463 in
653 396 726 464 eod
741 395 781 464 F.
795 395 860 484 legi
880 397 1064 476 cernentia,
1085 396 1148 466 boo

9 523 127 568 omen
149 498 287 565 retinuit
307 518 505 584 quamquam
526 503 597 590 ipse
619 524 689 568 sese
709 503 745 567 id
765 523 830 567 non
850 501 1037 587 intellegere
1058 501 1146 580 dicit

9 610 107 691 tque
129 626 171 670 ne
194 591 390 681 ,‚eemetria“
413 606 543 690 quidem
566 607 775 695 intellegitur.
820 607 922 673 Recte
949 607 1051 692 igitur
1072 627 1145 672 con-

9 712 140 776 ecturis
169 729 287 774 nomen
317 728 432 776 sanare
460 711 658 778 studuerunt
686 713 753 789 viris
776 711 865 778 docti
895 714 1148 798 proposuerunt-

9 839 65 900 με
100 813 291 893 ‚,comediu“
321 813 427 878 scriba
455 815 527 880 cod.
549 815 627 882 Par.
650 815 683 881 b.
714 817 932 894 ,‚oosmotria“
962 815 1068 881 editor
1093 814 1148 880 Al

9 923 104 986 linae
128 918 365 998 „commotria‘⁴
386 917 568 997 Turnebus,
597 919 691 1007 prob.
714 921 901 1000 Ribbeokio,
934 920 1149 998 „ooemet'ria“

9 1025 149 1090 totbiue
171 1022 264 1110 prob.
285 1021 427 1088 Miillero
451 1027 485 1088 et
505 1023 715 1113 Meiuekio.¹)

105 1127 307 1194 Commotria
328 1128 362 1192 et
384 1129 556 1192 cosmetria
576 1131 778 1196 coniecturae
793 1129 904 1195 eadem
918 1128 1149 1217 probabilitate

8 1231 286 1308 commendantur,
309 1230 397 1315 quod
419 1232 503 1296 enim
518 1231 759 1300 Klusemaunus
779 1234 866 1311 dicit,
890 1257 1000 1301 servos
1020 1235 1149 1320 quidem

8 1342 170 1404 cosmetae
192 1336 253 1403 eibi
275 1339 371 1401 notos
393 1357 481 1413 esse,
511 1359 621 1404 servae
647 1361 724 1404 vero
753 1340 942 1406 cosmetrias
974 1361 1040 1405 non
1068 1359 1148 1415 esse,

8 1443 86 1508 rihil
106 1443 210 1518 valet,
240 1461 341 1526 quum
369 1441 467 1505 etiam
494 1435 685 1510 eoemetriae
715 1443 990 1532 aposterioribus
1013 1441 1149 1510 Graecis

8 1547 222 1636 ¹›criptoribus
251 1547 460 1632 usurpentur.
507 1545 573 1612 Sed
603 1567 799 1634 quamquam
828 1547 907 1614 ferri
932 1550 1043 1635 potest
1071 1547 1150 1613 haec

7 1653 214 1728 emendatio,
243 1654 353 1716 tamen
381 1648 527 1716 Graecae
556 1652 686 1719 fabulae
716 1655 907 1720 coemetriae
934 1654 986 1720 vel
1013 1675 1171 1720 commu¹

7 1759 94 1823 triae
116 1778 276 1848 nusquam
303 1757 426 1820 mentio
441 1753 494 1856 'fit
523 1759 557 1822 et
590 1760 694 1844 magis
726 1763 814 1825 certe
845 1757 986 1846 placebit
1018 1759 1046 1824 si
1079 1780 1175 1824 cums

7 1861 73 1926 alia
93 1862 206 1929 fabula
220 1860 389 1927 Naeviana
418 1859 480 1926 hoc
508 1860 728 1948 fragmentum
757 1862 1027 1948 conglutinamur.
1071 1862 1152 1930 Pre

7 1968 99 2031 xime
116 1969 219 2055 igitur
240 1966 333 2032 adest
356 1963 472 2029 fabula
493 1966 715 2049 „demetrius“
737 1967 829 2032 cuins
851 1988 968 2032 nomen
990 1966 1043 2031 bio
1058 1967 1152 2032 resti-

7 2075 105 2136 tuere
136 2071 244 2138 velim.
303 2073 372 2142 Nec
405 2077 511 2142 solum
542 2073 709 2138 literarum
743 2070 922 2137 similitudo
954 2070 1044 2138 favet
1075 2070 1152 2137 huic

7 2176 246 2254 emendationi,
278 2176 334 2244 sed
362 2181 458 2246 etiam
486 2178 610 2245 accedit
639 2177 742 2241 altera
762 2177 848 2242 ratio
871 2197 954 2260 quae
976 2178 1152 2262 augetno

6 2279 62 2344 bis
84 2282 203 2350 bonam
226 2282 260 2346 in
282 2282 343 2349 hac
363 2306 399 2349 re
421 2283 584 2350 fiduciam.
639 2282 789 2367 Namque
810 2281 953 2364 Varrol)
981 2273 1089 2346 adfert
1110 2302 1152 2346 ex

6 2383 183 2452 Demetrio
205 2386 370 2454 Naeviana
391 2389 585 2455 vocabulum
607 2386 810 2472 ,‚persibus“.
862 2385 1011 2452 Eandem
1039 2403 1151 2452 rocem

7 2489 166 2579 Fortun)
187 2494 329 2558 servavit
351 2515 452 2578 quum
473 2493 584 2558 laudet
604 2490 719 2557 Naevii
739 2491 961 2577 fragmentum

173 2600 229 2674 „et
251 2599 307 2684 qui
328 2597 429 2664 fuerit
450 2596 597 2684 persibns
621 2594 773 2681 carpendi
796 2594 888 2659 adest
908 2593 1033 2682 ratiot)

6 2717 114 2782 quare
142 2697 204 2766 hoo
220 2719 362 2787 ‘quoque
390 2697 609 2790 fragmentum
638 2721 657 2766 e
677 2687 792 2765 Naevii
812 2698 985 2764 Demetrio
1010 2699 1151 2785 petitum

7 2823 84 2868 esee
111 2803 326 2890 probabiliter
353 2809 477 2874 censuit
498 2806 747 2875 Klussmannus.
792 2803 833 2869 ln
853 2825 933 2870 voce
955 2801 1153 2890 ‚,carpendi“

7 2929 88 2974 vero
112 2929 287 2996 agnoscere
310 2911 387 2976 mihi
406 2912 520 2978 videor
539 2931 651 2978 vocem
674 2931 693 2974 e
715 2903 880 2976 Oemetria
906 2907 1021 2975 Naevii
1049 2927 1153 2975 serva·

10 3013 97 3090 tam,
131 3035 190 3080 nec
220 3015 315 3082 credo
344 3017 495 3082 audacius
524 3037 594 3082 esee
623 3014 675 3080 hio
703 3037 765 3103 pro
789 3014 985 3102 „carpendi“
1013 3011 1152 3092 scribere

13 3116 91 3184 illud
113 3119 287 3196 „oarendi“
309 3099 396 3206 quo'd
415 3122 501 3187 idem
524 3120 693 3208 significat,
720 3123 805 3186 teste
826 3120 986 3213 Varrone.

100 3223 171 3290 Diu
193 3224 386 3292 dubitarunt
413 3225 475 3292 viri
503 3227 592 3293 docti
619 3229 732 3292 utrum
760 3227 875 3311 togata
903 3221 1004 3292 fuerit
1025 3243 1067 3286 an
1087 3217 1153 3308 pal.

13 3323 93 3393 liata
115 3327 316 3397 Demetrius.
360 3329 575 3420 Meierottol)
598 3331 697 3408 enim,
728 3350 828 3414 quum
850 3327 980 3394 Livium
1010 3347 1153 3394 nonnun-

14 3453 113 3514 quam
147 3435 309 3520 tragicum
345 3437 451 3522 egisse
483 3421 703 3513 contenderit,
738 3433 864 3511 censet,
905 3436 992 3499 certe
1014 3425 1153 3498 'scenam

13 3535 210 3623 Thyesteam
232 3539 440 3626 descripsisse
460 3541 601 3618 Livium,
625 3561 725 3625 quum
742 3539 855 3606 Persei
876 3541 911 3604 et
931 3537 1091 3604 Demetrii
1113 3536 1154 3601 de

15 3641 151 3729 imperio
174 3645 414 3710 contentionem
433 3648 612 3722 narrasset3
632 3643 750 3730 quibus
763 3642 870 3710 verbis
885 3643 1047 3708 crederem
1062 3641 1153 3706 illum

88 3820 109 3880 ¹)
127 3819 185 3869 bist.
209 3818 264 3870 crit.
280 3835 349 3873 oona
369 3821 462 3873 Graec
480 3823 501 3874 1.
520 3838 545 3889 p.
560 3828 619 3872 584.
630 3849 663 3860 -·
675 3821 698 3886 ¹)
716 3823 748 3872 de
766 3821 811 3872 ll.
826 3822 851 3882 t,
866 3824 923 3871 1⁰7.
934 3847 967 3856 —
977 3821 999 3882 ⁸)
1017 3835 1041 3886 p.
1054 3821 1103 3872 21⁷
1114 3819 1151 3870 M.

16 3907 37 3967 ⁴)
55 3906 213 3957 Ribbeckius
230 3907 282 3958 hoo
300 3910 470 3974 fragmentum
487 3911 553 3960 inter
571 3912 670 3959 incerta
686 3910 787 3974 reponit
804 3923 874 3958 nona
892 3908 968 3959 locor
1074 3915 1077 3920 '

173 3995 265 4059 „sequi
284 3994 362 4046 fuerit
378 3997 494 4062 parribus
513 3987 570 4046 cnm
589 3997 687 4060 argenti
706 3993 779 4046 adest
797 3996 916 4045 oratiol“

18 4079 39 4142 Ι)
56 4081 98 4131 De
115 4082 146 4132 Τ.
166 4082 233 4132 Ηνίἱ
251 4091 307 4134 arte
325 4085 445 4135 uenandi
464 4091 491 4136 et
508 4083 616 4134 artificio
634 4083 757 4134 historico
775 4083 861 4135 Bercl.
883 4083 958 4134 1798.
