<?xml version="1.0" encoding="UTF-8"?>
<!DOCTYPE html PUBLIC "-//W3C//DTD XHTML 1.0 Transitional//EN"
    "http://www.w3.org/TR/xhtml1/DTD/xhtml1-transitional.dtd">
<html xmlns="http://www.w3.org/1999/xhtml" xml:lang="en" lang="en">
 <head>
  <title>
</title>
<meta http-equiv="Content-Type" content="text/html;charset=utf-8" />
  <meta name='ocr-system' content='tesseract 3.04.00' />
  <meta name='ocr-capabilities' content='ocr_page ocr_carea ocr_par ocr_line ocrx_word'/>
</head>
<body>
  <div class='ocr_page' id='page_1' title='image "./degnnaeviipoeta00bercgoog_0054.png"; bbox 0 0 2734 4610; ppageno 0'>
   <div class='ocr_carea' id='block_1_1' title="bbox 547 190 588 248">
    <p class='ocr_par' dir='ltr' id='par_1_1' title="bbox 547 190 588 248">
     <span class='ocr_line' id='line_1_1' title="bbox 547 190 588 248; baseline 0.024 -1"><span class='ocrx_word' id='word_1_1' title='bbox 547 190 588 248; x_wconf 83' lang='grc'>’43</span> 
     </span>
    </p>
   </div>
   <div class='ocr_carea' id='block_1_2' title="bbox 15 373 1152 882">
    <p class='ocr_par' dir='ltr' id='par_1_2' title="bbox 15 373 1138 651">
     <span class='ocr_line' id='line_1_2' title="bbox 15 373 1137 461; baseline 0.003 -21"><span class='ocrx_word' id='word_1_2' title='bbox 15 399 112 461; x_wconf 86' lang='lat' dir='ltr'>que</span> <span class='ocrx_word' id='word_1_3' title='bbox 141 377 171 440; x_wconf 89' lang='lat' dir='ltr'>si</span> <span class='ocrx_word' id='word_1_4' title='bbox 201 374 344 461; x_wconf 80' lang='lat' dir='ltr'>locuples</span> <span class='ocrx_word' id='word_1_5' title='bbox 371 376 466 440; x_wconf 87' lang='lat' dir='ltr'>testis</span> <span class='ocrx_word' id='word_1_6' title='bbox 496 375 626 440; x_wconf 81' lang='lat' dir='ltr'>afferret</span> <span class='ocrx_word' id='word_1_7' title='bbox 655 373 770 441; x_wconf 76' lang='lat' dir='ltr'>Naevii</span> <span class='ocrx_word' id='word_1_8' title='bbox 804 375 1026 455; x_wconf 68' lang='lat' dir='ltr'><strong>hexametros,</strong></span> <span class='ocrx_word' id='word_1_9' title='bbox 1064 377 1137 443; x_wconf 82' lang='lat' dir='ltr'>iliae</span> 
     </span>
     <span class='ocr_line' id='line_1_3' title="bbox 15 479 1138 565; baseline 0 -19"><span class='ocrx_word' id='word_1_10' title='bbox 15 483 140 547; x_wconf 75' lang='lat' dir='ltr'>sones</span> <span class='ocrx_word' id='word_1_11' title='bbox 171 503 231 545; x_wconf 82' lang='lat' dir='ltr'>noe</span> <span class='ocrx_word' id='word_1_12' title='bbox 261 502 327 545; x_wconf 88' lang='lat' dir='ltr'>non</span> <span class='ocrx_word' id='word_1_13' title='bbox 355 481 533 546; x_wconf 80' lang='lat' dir='ltr'><strong>retinerent</strong></span> <span class='ocrx_word' id='word_1_14' title='bbox 561 480 733 565; x_wconf 77' lang='lat' dir='ltr'>quominus</span> <span class='ocrx_word' id='word_1_15' title='bbox 761 481 826 546; x_wconf 88' lang='lat' dir='ltr'>iam</span> <span class='ocrx_word' id='word_1_16' title='bbox 856 479 1014 547; x_wconf 83' lang='lat' dir='ltr'>Naevium</span> <span class='ocrx_word' id='word_1_17' title='bbox 1044 480 1138 546; x_wconf 76' lang='lat' dir='ltr'>hera</span> 
     </span>
     <span class='ocr_line' id='line_1_4' title="bbox 15 583 566 651; baseline 0.002 -1"><span class='ocrx_word' id='word_1_18' title='bbox 15 591 100 650; x_wconf 70' lang='lat' dir='ltr'>etro</span> <span class='ocrx_word' id='word_1_19' title='bbox 126 604 224 650; x_wconf 88' lang='lat' dir='ltr'>usum</span> <span class='ocrx_word' id='word_1_20' title='bbox 248 605 318 649; x_wconf 86' lang='lat' dir='ltr'>esse</span> <span class='ocrx_word' id='word_1_21' title='bbox 340 583 566 651; x_wconf 80' lang='lat' dir='ltr'>statueremus.</span> 
     </span>
    </p>

    <p class='ocr_par' dir='ltr' id='par_1_3' title="bbox 15 688 1152 882">
     <span class='ocr_line' id='line_1_5' title="bbox 77 688 1152 776; baseline 0.004 -23"><span class='ocrx_word' id='word_1_22' title='bbox 77 690 180 770; x_wconf 77' lang='lat' dir='ltr'>Quid</span> <span class='ocrx_word' id='word_1_23' title='bbox 210 689 318 754; x_wconf 82' lang='lat' dir='ltr'>enim?</span> <span class='ocrx_word' id='word_1_24' title='bbox 361 688 668 776; x_wconf 75' lang='lat' dir='ltr'>Hermannus-ipee</span> <span class='ocrx_word' id='word_1_25' title='bbox 697 690 870 776; x_wconf 84' lang='lat' dir='ltr'>profitetur</span> <span class='ocrx_word' id='word_1_26' title='bbox 900 715 934 756; x_wconf 90' lang='lat' dir='ltr'>se</span> <span class='ocrx_word' id='word_1_27' title='bbox 968 691 1010 754; x_wconf 86' lang='lat' dir='ltr'>ad</span> <span class='ocrx_word' id='word_1_28' title='bbox 1045 697 1152 756; x_wconf 83' lang='lat' dir='ltr'>snnm&#39;</span> 
     </span>
     <span class='ocr_line' id='line_1_6' title="bbox 15 794 1137 882; baseline 0.002 -22"><span class='ocrx_word' id='word_1_29' title='bbox 15 798 193 860; x_wconf 79' lang='lat' dir='ltr'>atentiam</span> <span class='ocrx_word' id='word_1_30' title='bbox 215 794 361 880; x_wconf 80' lang='lat' dir='ltr'>inprimis</span> <span class='ocrx_word' id='word_1_31' title='bbox 384 799 569 880; x_wconf 83' lang='lat' dir='ltr'>permotum</span> <span class='ocrx_word' id='word_1_32' title='bbox 599 817 668 860; x_wconf 83' lang='lat' dir='ltr'>esse</span> <span class='ocrx_word' id='word_1_33' title='bbox 690 795 786 862; x_wconf 80' lang='lat' dir='ltr'>Ennii</span> <span class='ocrx_word' id='word_1_34' title='bbox 808 798 916 863; x_wconf 81' lang='lat' dir='ltr'>verbis</span> <span class='ocrx_word' id='word_1_35' title='bbox 946 797 1062 882; x_wconf 88' lang='lat' dir='ltr'>quihus</span> <span class='ocrx_word' id='word_1_36' title='bbox 1083 798 1137 862; x_wconf 87' lang='lat' dir='ltr'>ille</span> 
     </span>
    </p>
   </div>
   <div class='ocr_carea' id='block_1_3' title="bbox 15 899 1239 1088">
    <p class='ocr_par' dir='ltr' id='par_1_4' title="bbox 15 899 1239 1088">
     <span class='ocr_line' id='line_1_7' title="bbox 15 899 1239 986; baseline 0.002 -22"><span class='ocrx_word' id='word_1_37' title='bbox 15 902 167 965; x_wconf 82' lang='lat' dir='ltr'>rideat.</span> <span class='ocrx_word' id='word_1_38' title='bbox 191 901 352 964; x_wconf 89' lang='lat' dir='ltr'>saturnios</span> <span class='ocrx_word' id='word_1_39' title='bbox 388 903 482 965; x_wconf 87' lang='lat' dir='ltr'>ante-</span> <span class='ocrx_word' id='word_1_40' title='bbox 497 921 531 965; x_wconf 88' lang='lat' dir='ltr'>se</span> <span class='ocrx_word' id='word_1_41' title='bbox 564 901 771 986; x_wconf 86' lang='lat' dir='ltr'>compositos.</span> <span class='ocrx_word' id='word_1_42' title='bbox 823 901 949 971; x_wconf 80' lang='lat' dir='ltr'>Ennius</span> <span class='ocrx_word' id='word_1_43' title='bbox 984 903 1068 968; x_wconf 88' lang='lat' dir='ltr'>enim</span> <span class='ocrx_word' id='word_1_44' title='bbox 1104 903 1136 966; x_wconf 87' lang='lat' dir='ltr'>in</span> <span class='ocrx_word' id='word_1_45' title='bbox 1233 899 1239 904; x_wconf 42' lang='lat'>⁶</span> 
     </span>
     <span class='ocr_line' id='line_1_8' title="bbox 15 985 529 1088; baseline 0.002 -22"><span class='ocrx_word' id='word_1_46' title='bbox 15 1005 170 1070; x_wconf 63' lang='lat' dir='ltr'>,natibus</span> <span class='ocrx_word' id='word_1_47' title='bbox 182 1007 208 1088; x_wconf 83' lang='lat'>1)</span> <span class='ocrx_word' id='word_1_48' title='bbox 227 1005 307 1072; x_wconf 85' lang='lat' dir='ltr'>dicit</span> <span class='ocrx_word' id='word_1_49' title='bbox 328 985 423 1068; x_wconf 77' lang='lat' dir='ltr'>hseot</span> <span class='ocrx_word' id='word_1_50' title='bbox 521 1027 529 1030; x_wconf 83' lang='lat'><em>·</em></span> 
     </span>
    </p>
   </div>
   <div class='ocr_carea' id='block_1_4' title="bbox 55 1109 1137 1722">
    <p class='ocr_par' dir='ltr' id='par_1_5' title="bbox 55 1109 1137 1722">
     <span class='ocr_line' id='line_1_9' title="bbox 91 1109 634 1200; baseline -0.002 -27"><span class='ocrx_word' id='word_1_51' title='bbox 91 1147 134 1158; x_wconf 91' lang='lat'><em>-</em></span> <span class='ocrx_word' id='word_1_52' title='bbox 161 1149 199 1158; x_wconf 92' lang='lat'><em>-</em></span> <span class='ocrx_word' id='word_1_53' title='bbox 225 1147 264 1158; x_wconf 82' lang='grc'>-</span> <span class='ocrx_word' id='word_1_54' title='bbox 288 1109 467 1200; x_wconf 77' lang='lat' dir='ltr'>„scripsere</span> <span class='ocrx_word' id='word_1_55' title='bbox 489 1109 543 1172; x_wconf 84' lang='lat' dir='ltr'>elii</span> <span class='ocrx_word' id='word_1_56' title='bbox 565 1132 634 1174; x_wconf 91' lang='lat' dir='ltr'>rem</span> 
     </span>
     <span class='ocr_line' id='line_1_10' title="bbox 55 1214 973 1300; baseline -0.001 -20"><span class='ocrx_word' id='word_1_57' title='bbox 55 1225 60 1238; x_wconf 92' lang='lat'>&#39;</span> <span class='ocrx_word' id='word_1_58' title='bbox 108 1214 267 1280; x_wconf 85' lang='lat' dir='ltr'>Versibus</span> <span class='ocrx_word' id='word_1_59' title='bbox 290 1235 371 1298; x_wconf 89' lang='lat' dir='ltr'>quos</span> <span class='ocrx_word' id='word_1_60' title='bbox 394 1214 470 1278; x_wconf 90' lang='lat' dir='ltr'>olim</span> <span class='ocrx_word' id='word_1_61' title='bbox 491 1214 618 1280; x_wconf 80' lang='lat' dir='ltr'>Faunei</span> <span class='ocrx_word' id='word_1_62' title='bbox 639 1218 793 1300; x_wconf 87' lang='lat' dir='ltr'>vatesque</span> <span class='ocrx_word' id='word_1_63' title='bbox 816 1215 973 1281; x_wconf 83' lang='lat' dir='ltr'>canebant</span> 
     </span>
     <span class='ocr_line' id='line_1_11' title="bbox 108 1318 1071 1406; baseline -0.001 -20"><span class='ocrx_word' id='word_1_64' title='bbox 108 1318 194 1386; x_wconf 88' lang='lat' dir='ltr'>Cum</span> <span class='ocrx_word' id='word_1_65' title='bbox 216 1341 320 1404; x_wconf 89' lang='lat' dir='ltr'>neque</span> <span class='ocrx_word' id='word_1_66' title='bbox 342 1319 513 1384; x_wconf 78' lang='lat' dir='ltr'><strong>Musarum</strong></span> <span class='ocrx_word' id='word_1_67' title='bbox 535 1321 686 1406; x_wconf 79' lang='lat' dir='ltr'>scopulos</span> <span class='ocrx_word' id='word_1_68' title='bbox 707 1323 880 1405; x_wconf 86' lang='lat' dir='ltr'>quisquam</span> <span class='ocrx_word' id='word_1_69' title='bbox 901 1325 1071 1406; x_wconf 84' lang='lat' dir='ltr'>superarat</span> 
     </span>
     <span class='ocr_line' id='line_1_12' title="bbox 105 1424 892 1490; baseline 0.001 0"><span class='ocrx_word' id='word_1_70' title='bbox 105 1425 176 1490; x_wconf 86' lang='lat' dir='ltr'>Nee</span> <span class='ocrx_word' id='word_1_71' title='bbox 198 1424 277 1489; x_wconf 87' lang='lat' dir='ltr'>dieti</span> <span class='ocrx_word' id='word_1_72' title='bbox 298 1424 463 1488; x_wconf 79' lang='lat' dir='ltr'>studiosus</span> <span class='ocrx_word' id='word_1_73' title='bbox 485 1430 555 1488; x_wconf 87' lang='lat' dir='ltr'>erat</span> <span class='ocrx_word' id='word_1_74' title='bbox 581 1461 620 1476; x_wconf 82' lang='lat'><em>-</em></span> <span class='ocrx_word' id='word_1_75' title='bbox 643 1429 720 1490; x_wconf 84' lang='lat' dir='ltr'>ante</span> <span class='ocrx_word' id='word_1_76' title='bbox 742 1425 828 1490; x_wconf 88' lang='lat' dir='ltr'>hune</span> <span class='ocrx_word' id='word_1_77' title='bbox 851 1425 892 1476; x_wconf 58' lang='lat'>4-</span> 
     </span>
     <span class='ocr_line' id='line_1_13' title="bbox 109 1521 775 1594; baseline 0.002 0"><span class='ocrx_word' id='word_1_78' title='bbox 109 1565 148 1578; x_wconf 84' lang='lat'>-</span> <span class='ocrx_word' id='word_1_79' title='bbox 176 1569 217 1579; x_wconf 90' lang='lat'>-</span> <span class='ocrx_word' id='word_1_80' title='bbox 240 1565 279 1578; x_wconf 90' lang='lat'>-</span> <span class='ocrx_word' id='word_1_81' title='bbox 302 1551 362 1594; x_wconf 89' lang='lat' dir='ltr'>nos</span> <span class='ocrx_word' id='word_1_82' title='bbox 384 1530 455 1592; x_wconf 82' lang='lat' dir='ltr'>ausi</span> <span class='ocrx_word' id='word_1_83' title='bbox 476 1521 644 1594; x_wconf 81' lang='lat' dir='ltr'>reserare‘</span> <span class='ocrx_word' id='word_1_84' title='bbox 666 1567 709 1583; x_wconf 51' lang='lat'>-*</span> <span class='ocrx_word' id='word_1_85' title='bbox 734 1565 775 1580; x_wconf 79' lang='lat'>-</span> 
     </span>
     <span class='ocr_line' id='line_1_14' title="bbox 86 1632 1137 1722; baseline -0.001 -22"><span class='ocrx_word' id='word_1_86' title='bbox 86 1633 157 1700; x_wconf 87' lang='lat' dir='ltr'>Sed</span> <span class='ocrx_word' id='word_1_87' title='bbox 173 1635 200 1698; x_wconf 89' lang='lat' dir='ltr'>si</span> <span class='ocrx_word' id='word_1_88' title='bbox 215 1633 351 1710; x_wconf 51' lang='lat' dir='ltr'>Ennius</span> <span class='ocrx_word' id='word_1_89' title='bbox 372 1637 456 1698; x_wconf 87' lang='lat' dir='ltr'>teste</span> <span class='ocrx_word' id='word_1_90' title='bbox 473 1632 639 1710; x_wconf 85' lang='lat' dir='ltr'>Cicerone,</span> <span class='ocrx_word' id='word_1_91' title='bbox 662 1634 819 1700; x_wconf 86' lang='lat' dir='ltr'>Naevium</span> <span class='ocrx_word' id='word_1_92' title='bbox 840 1635 1009 1722; x_wconf 79' lang='lat' dir='ltr'>intellegit,</span> <span class='ocrx_word' id='word_1_93' title='bbox 1033 1657 1137 1700; x_wconf 89' lang='lat' dir='ltr'>nonne</span> 
     </span>
    </p>
   </div>
   <div class='ocr_carea' id='block_1_5' title="bbox 15 1733 1263 1828">
    <p class='ocr_par' dir='ltr' id='par_1_6' title="bbox 15 1733 1263 1828">
     <span class='ocr_line' id='line_1_15' title="bbox 15 1733 1263 1828; baseline 0.002 -26"><span class='ocrx_word' id='word_1_94' title='bbox 15 1761 149 1804; x_wconf 72' lang='lat' dir='ltr'>russam</span> <span class='ocrx_word' id='word_1_95' title='bbox 183 1733 261 1804; x_wconf 85' lang='lat' dir='ltr'>satis</span> <span class='ocrx_word' id='word_1_96' title='bbox 291 1759 440 1824; x_wconf 85' lang='lat' dir='ltr'>magnam</span> <span class='ocrx_word' id='word_1_97' title='bbox 467 1738 609 1805; x_wconf 88' lang='lat' dir='ltr'>habebat</span> <span class='ocrx_word' id='word_1_98' title='bbox 636 1762 699 1825; x_wconf 87' lang='lat' dir='ltr'>qua</span> <span class='ocrx_word' id='word_1_99' title='bbox 727 1741 938 1828; x_wconf 86' lang='lat' dir='ltr'>gloriaretur,</span> <span class='ocrx_word' id='word_1_100' title='bbox 960 1740 1048 1825; x_wconf 91' lang='lat' dir='ltr'>quod</span> <span class='ocrx_word' id='word_1_101' title='bbox 1069 1741 1148 1827; x_wconf 78' lang='lat' dir='ltr'>ipse,</span> <span class='ocrx_word' id='word_1_102' title='bbox 1259 1789 1263 1798; x_wconf 89' lang='lat'>.</span> 
     </span>
    </p>
   </div>
   <div class='ocr_carea' id='block_1_6' title="bbox 15 1845 1138 2353">
    <p class='ocr_par' dir='ltr' id='par_1_7' title="bbox 15 1845 1138 2150">
     <span class='ocr_line' id='line_1_16' title="bbox 15 1845 1138 1933; baseline 0 -25"><span class='ocrx_word' id='word_1_103' title='bbox 15 1846 125 1912; x_wconf 86' lang='lat' dir='ltr'>rimus</span> <span class='ocrx_word' id='word_1_104' title='bbox 146 1867 236 1921; x_wconf 89' lang='lat' dir='ltr'>rem,</span> <span class='ocrx_word' id='word_1_105' title='bbox 264 1845 386 1920; x_wconf 88' lang='lat' dir='ltr'>idest,</span> <span class='ocrx_word' id='word_1_106' title='bbox 416 1866 468 1908; x_wconf 85' lang='lat' dir='ltr'>res</span> <span class='ocrx_word' id='word_1_107' title='bbox 490 1849 600 1930; x_wconf 87' lang='lat' dir='ltr'>gestas</span> <span class='ocrx_word' id='word_1_108' title='bbox 623 1847 670 1910; x_wconf 91' lang='lat' dir='ltr'>rei</span> <span class='ocrx_word' id='word_1_109' title='bbox 692 1847 838 1933; x_wconf 84' lang='lat' dir='ltr'>publicae</span> <span class='ocrx_word' id='word_1_110' title='bbox 864 1846 1060 1911; x_wconf 78' lang='lat' dir='ltr'>hexametris</span> <span class='ocrx_word' id='word_1_111' title='bbox 1089 1869 1138 1909; x_wconf 84' lang='lat' dir='ltr'>or-</span> 
     </span>
     <span class='ocr_line' id='line_1_17' title="bbox 15 1948 1138 2038; baseline 0.001 -24"><span class='ocrx_word' id='word_1_112' title='bbox 15 1955 111 2015; x_wconf 83' lang='lat' dir='ltr'>asset</span> <span class='ocrx_word' id='word_1_113' title='bbox 132 1972 233 2036; x_wconf 90' lang='lat' dir='ltr'>quum</span> <span class='ocrx_word' id='word_1_114' title='bbox 248 1948 390 2030; x_wconf 84' lang='lat' dir='ltr'>Naevius</span> <span class='ocrx_word' id='word_1_115' title='bbox 413 1950 515 2014; x_wconf 87' lang='lat' dir='ltr'>simile</span> <span class='ocrx_word' id='word_1_116' title='bbox 536 1950 615 2034; x_wconf 86' lang='lat' dir='ltr'>qnid</span> <span class='ocrx_word' id='word_1_117' title='bbox 637 1952 788 2018; x_wconf 85' lang='lat' dir='ltr'>saturniie</span> <span class='ocrx_word' id='word_1_118' title='bbox 804 1973 901 2014; x_wconf 86' lang='lat' dir='ltr'>ausus</span> <span class='ocrx_word' id='word_1_119' title='bbox 917 1952 1023 2038; x_wconf 82' lang='lat' dir='ltr'>esset?</span> <span class='ocrx_word' id='word_1_120' title='bbox 1062 1949 1138 2015; x_wconf 88' lang='lat' dir='ltr'>Non</span> 
     </span>
     <span class='ocr_line' id='line_1_18' title="bbox 15 2055 1136 2150; baseline -0.002 -30"><span class='ocrx_word' id='word_1_121' title='bbox 15 2056 84 2120; x_wconf 89' lang='lat' dir='ltr'>nim</span> <span class='ocrx_word' id='word_1_122' title='bbox 107 2077 238 2120; x_wconf 86' lang='lat' dir='ltr'>neeesse</span> <span class='ocrx_word' id='word_1_123' title='bbox 261 2058 320 2132; x_wconf 84' lang='lat' dir='ltr'>eet,</span> <span class='ocrx_word' id='word_1_124' title='bbox 347 2057 451 2120; x_wconf 87' lang='lat' dir='ltr'>totam</span> <span class='ocrx_word' id='word_1_125' title='bbox 466 2055 580 2120; x_wconf 90' lang='lat' dir='ltr'>Naevii</span> <span class='ocrx_word' id='word_1_126' title='bbox 596 2056 706 2142; x_wconf 87' lang='lat' dir='ltr'>poesin</span> <span class='ocrx_word' id='word_1_127' title='bbox 722 2056 843 2143; x_wconf 86' lang='lat' dir='ltr'>epicam</span> <span class='ocrx_word' id='word_1_128' title='bbox 859 2055 921 2120; x_wconf 89' lang='lat' dir='ltr'>sibi</span> <span class='ocrx_word' id='word_1_129' title='bbox 936 2059 1136 2150; x_wconf 79' lang='lat' dir='ltr'>opposuerit.</span> 
     </span>
    </p>

    <p class='ocr_par' dir='ltr' id='par_1_8' title="bbox 16 2160 1138 2353">
     <span class='ocr_line' id='line_1_19' title="bbox 89 2160 1137 2246; baseline -0.002 -21"><span class='ocrx_word' id='word_1_130' title='bbox 89 2161 182 2226; x_wconf 86' lang='lat' dir='ltr'>ldem</span> <span class='ocrx_word' id='word_1_131' title='bbox 211 2160 279 2226; x_wconf 85' lang='lat' dir='ltr'>fere</span> <span class='ocrx_word' id='word_1_132' title='bbox 312 2161 353 2225; x_wconf 87' lang='lat' dir='ltr'>de</span> <span class='ocrx_word' id='word_1_133' title='bbox 379 2160 529 2226; x_wconf 89' lang='lat' dir='ltr'>omnibus</span> <span class='ocrx_word' id='word_1_134' title='bbox 559 2160 620 2225; x_wconf 84' lang='lat' dir='ltr'>illis</span> <span class='ocrx_word' id='word_1_135' title='bbox 647 2161 725 2227; x_wconf 86' lang='lat' dir='ltr'>loeis</span> <span class='ocrx_word' id='word_1_136' title='bbox 754 2162 840 2228; x_wconf 87' lang='lat' dir='ltr'>valet</span> <span class='ocrx_word' id='word_1_137' title='bbox 870 2160 986 2246; x_wconf 88' lang='lat' dir='ltr'>quibus</span> <span class='ocrx_word' id='word_1_138' title='bbox 1012 2161 1137 2226; x_wconf 83' lang='lat' dir='ltr'>Ennius</span> 
     </span>
     <span class='ocr_line' id='line_1_20' title="bbox 16 2264 1138 2353; baseline 0.002 -25"><span class='ocrx_word' id='word_1_139' title='bbox 16 2266 150 2353; x_wconf 86' lang='lat' dir='ltr'>rinoeps</span> <span class='ocrx_word' id='word_1_140' title='bbox 173 2267 280 2352; x_wconf 89' lang='lat' dir='ltr'>poesis</span> <span class='ocrx_word' id='word_1_141' title='bbox 302 2267 470 2332; x_wconf 77' lang='lat' dir='ltr'>Romanae</span> <span class='ocrx_word' id='word_1_142' title='bbox 492 2271 525 2331; x_wconf 91' lang='lat' dir='ltr'>et</span> <span class='ocrx_word' id='word_1_143' title='bbox 540 2266 621 2330; x_wconf 89' lang='lat' dir='ltr'>alter</span> <span class='ocrx_word' id='word_1_144' title='bbox 642 2264 808 2332; x_wconf 87' lang='lat' dir='ltr'>Homerus</span> <span class='ocrx_word' id='word_1_145' title='bbox 823 2270 1037 2353; x_wconf 76' lang='lat' dir='ltr'>nuncupatur,</span> <span class='ocrx_word' id='word_1_146' title='bbox 1061 2266 1138 2349; x_wconf 89' lang='lat' dir='ltr'>quin</span> 
     </span>
    </p>
   </div>
   <div class='ocr_carea' id='block_1_7' title="bbox 15 2370 1256 2462">
    <p class='ocr_par' dir='ltr' id='par_1_9' title="bbox 15 2370 1256 2462">
     <span class='ocr_line' id='line_1_21' title="bbox 15 2370 1256 2462; baseline 0.001 -28"><span class='ocrx_word' id='word_1_147' title='bbox 15 2391 34 2434; x_wconf 90' lang='lat' dir='ltr'>e</span> <span class='ocrx_word' id='word_1_148' title='bbox 61 2373 139 2438; x_wconf 88' lang='lat' dir='ltr'>inde</span> <span class='ocrx_word' id='word_1_149' title='bbox 162 2373 293 2456; x_wconf 90' lang='lat' dir='ltr'>quidem</span> <span class='ocrx_word' id='word_1_150' title='bbox 316 2372 404 2455; x_wconf 87' lang='lat' dir='ltr'>quod</span> <span class='ocrx_word' id='word_1_151' title='bbox 419 2371 551 2436; x_wconf 74' lang='lat' dir='ltr'>Ennius</span> <span class='ocrx_word' id='word_1_152' title='bbox 574 2370 780 2439; x_wconf 78' lang='lat' dir='ltr'>hexametros</span> <span class='ocrx_word' id='word_1_153' title='bbox 805 2395 917 2438; x_wconf 79' lang='lat' dir='ltr'>versus</span> <span class='ocrx_word' id='word_1_154' title='bbox 939 2372 1055 2459; x_wconf 86' lang='lat' dir='ltr'>longos</span> <span class='ocrx_word' id='word_1_155' title='bbox 1077 2372 1139 2458; x_wconf 87' lang='lat' dir='ltr'>pri·</span> <span class='ocrx_word' id='word_1_156' title='bbox 1252 2459 1256 2462; x_wconf 25' lang='grc'>-</span> 
     </span>
    </p>
   </div>
   <div class='ocr_carea' id='block_1_8' title="bbox 15 2476 1221 4142">
    <p class='ocr_par' dir='ltr' id='par_1_10' title="bbox 15 2476 1138 2646">
     <span class='ocr_line' id='line_1_22' title="bbox 15 2476 1138 2565; baseline 0.001 -25"><span class='ocrx_word' id='word_1_157' title='bbox 15 2497 72 2541; x_wconf 86' lang='lat' dir='ltr'>rus</span> <span class='ocrx_word' id='word_1_158' title='bbox 96 2477 307 2562; x_wconf 76' lang='lat' dir='ltr'>adpellavit²)</span> <span class='ocrx_word' id='word_1_159' title='bbox 327 2477 475 2542; x_wconf 79' lang='lat' dir='ltr'>concludi</span> <span class='ocrx_word' id='word_1_160' title='bbox 496 2476 624 2564; x_wconf 85' lang='lat' dir='ltr'>potest,</span> <span class='ocrx_word' id='word_1_161' title='bbox 646 2480 688 2544; x_wconf 84' lang='lat' dir='ltr'>ab</span> <span class='ocrx_word' id='word_1_162' title='bbox 711 2478 893 2565; x_wconf 88' lang='lat' dir='ltr'>illoprimo</span> <span class='ocrx_word' id='word_1_163' title='bbox 915 2478 1138 2542; x_wconf 60' lang='lat' dir='ltr'>hoormetrnm</span> 
     </span>
     <span class='ocr_line' id='line_1_23' title="bbox 15 2575 788 2646; baseline 0 0"><span class='ocrx_word' id='word_1_164' title='bbox 15 2603 70 2646; x_wconf 88' lang='lat' dir='ltr'>sse</span> <span class='ocrx_word' id='word_1_165' title='bbox 92 2577 298 2646; x_wconf 77' lang='lat' dir='ltr'>translatum.</span> <span class='ocrx_word' id='word_1_166' title='bbox 577 2575 580 2580; x_wconf 74' lang='grc'><strong>’</strong></span> <span class='ocrx_word' id='word_1_167' title='bbox 785 2583 788 2589; x_wconf 84' lang='grc'><strong>’</strong></span> 
     </span>
    </p>

    <p class='ocr_par' dir='ltr' id='par_1_11' title="bbox 15 2686 1221 3827">
     <span class='ocr_line' id='line_1_24' title="bbox 91 2686 1138 2773; baseline 0 -23"><span class='ocrx_word' id='word_1_168' title='bbox 91 2687 210 2752; x_wconf 78' lang='lat' dir='ltr'>Restat</span> <span class='ocrx_word' id='word_1_169' title='bbox 230 2687 449 2773; x_wconf 71' lang='lat' dir='ltr'>igitna&#39;unnm</span> <span class='ocrx_word' id='word_1_170' title='bbox 471 2687 692 2752; x_wconf 87' lang='lat' dir='ltr'>testimonium</span> <span class='ocrx_word' id='word_1_171' title='bbox 716 2687 835 2754; x_wconf 83' lang='lat' dir='ltr'>Isidori</span> <span class='ocrx_word' id='word_1_172' title='bbox 855 2686 891 2750; x_wconf 85' lang='lat' dir='ltr'>id</span> <span class='ocrx_word' id='word_1_173' title='bbox 906 2687 1035 2771; x_wconf 90' lang='lat' dir='ltr'>quidem</span> <span class='ocrx_word' id='word_1_174' title='bbox 1059 2689 1138 2751; x_wconf 85' lang='lat' dir='ltr'>satis</span> 
     </span>
     <span class='ocr_line' id='line_1_25' title="bbox 15 2791 1138 2879; baseline 0 -23"><span class='ocrx_word' id='word_1_175' title='bbox 15 2791 127 2878; x_wconf 87' lang='lat' dir='ltr'>pertis</span> <span class='ocrx_word' id='word_1_176' title='bbox 158 2792 261 2857; x_wconf 84' lang='lat' dir='ltr'>verbis</span> <span class='ocrx_word' id='word_1_177' title='bbox 291 2797 531 2879; x_wconf 80' lang='lat' dir='ltr'>expressum³):</span> <span class='ocrx_word' id='word_1_178' title='bbox 581 2793 822 2868; x_wconf 87' lang='lat' dir='ltr'>„Hexametros</span> <span class='ocrx_word' id='word_1_179' title='bbox 860 2796 968 2857; x_wconf 86' lang='lat' dir='ltr'>eutem</span> <span class='ocrx_word' id='word_1_180' title='bbox 1002 2793 1138 2858; x_wconf 80' lang='lat' dir='ltr'>Latinos</span> 
     </span>
     <span class='ocr_line' id='line_1_26' title="bbox 15 2895 1139 2982; baseline 0.002 -22"><span class='ocrx_word' id='word_1_181' title='bbox 15 2899 143 2961; x_wconf 79' lang='lat' dir='ltr'>nimum</span> <span class='ocrx_word' id='word_1_182' title='bbox 170 2896 288 2963; x_wconf 82' lang='lat' dir='ltr'>fecisse</span> <span class='ocrx_word' id='word_1_183' title='bbox 311 2898 436 2964; x_wconf 82' lang='lat' dir='ltr'>Ennius</span> <span class='ocrx_word' id='word_1_184' title='bbox 469 2899 643 2964; x_wconf 56' lang='lat' dir='ltr'>traditurfl</span> <span class='ocrx_word' id='word_1_185' title='bbox 696 2895 796 2980; x_wconf 77' lang='lat' dir='ltr'>Quod</span> <span class='ocrx_word' id='word_1_186' title='bbox 832 2895 1055 2982; x_wconf 79' lang='lat' dir='ltr'>Wiillnerus4)</span> <span class='ocrx_word' id='word_1_187' title='bbox 1083 2899 1139 2982; x_wconf 84' lang='lat' dir='ltr'>qui</span> 
     </span>
     <span class='ocr_line' id='line_1_27' title="bbox 15 3001 1139 3089; baseline 0 -21"><span class='ocrx_word' id='word_1_188' title='bbox 15 3003 85 3068; x_wconf 84' lang='lat' dir='ltr'>iem</span> <span class='ocrx_word' id='word_1_189' title='bbox 103 3015 129 3067; x_wconf 84' lang='lat' dir='ltr'>&#39;a</span> <span class='ocrx_word' id='word_1_190' title='bbox 150 3001 275 3089; x_wconf 76' lang='lat' dir='ltr'>Naevio</span> <span class='ocrx_word' id='word_1_191' title='bbox 289 3003 496 3070; x_wconf 79' lang='lat' dir='ltr'>hexametros</span> <span class='ocrx_word' id='word_1_192' title='bbox 517 3025 589 3068; x_wconf 88' lang='lat' dir='ltr'>esse</span> <span class='ocrx_word' id='word_1_193' title='bbox 603 3003 742 3089; x_wconf 80' lang='lat' dir='ltr'>scriptos</span> <span class='ocrx_word' id='word_1_194' title='bbox 757 3007 863 3088; x_wconf 86' lang='lat' dir='ltr'>putat,</span> <span class='ocrx_word' id='word_1_195' title='bbox 887 3003 972 3068; x_wconf 83' lang='lat' dir='ltr'>dum¹</span> <span class='ocrx_word' id='word_1_196' title='bbox 981 3003 1139 3068; x_wconf 83' lang='lat' dir='ltr'>sustinere</span> 
     </span>
     <span class='ocr_line' id='line_1_28' title="bbox 15 3107 1138 3197; baseline 0.001 -25"><span class='ocrx_word' id='word_1_197' title='bbox 15 3109 129 3184; x_wconf 90' lang='lat' dir='ltr'>tudet,</span> <span class='ocrx_word' id='word_1_198' title='bbox 159 3113 283 3191; x_wconf 85' lang='lat' dir='ltr'>censet,</span> <span class='ocrx_word' id='word_1_199' title='bbox 318 3107 459 3197; x_wconf 80' lang='lat' dir='ltr'>tortasse</span> <span class='ocrx_word' id='word_1_200' title='bbox 487 3107 659 3172; x_wconf 68' lang='lat' dir='ltr'>Naevium·</span> <span class='ocrx_word' id='word_1_201' title='bbox 676 3129 784 3172; x_wconf 85' lang='lat' dir='ltr'>senem</span> <span class='ocrx_word' id='word_1_202' title='bbox 812 3107 955 3171; x_wconf 82' lang='lat' dir='ltr'>Ennium</span> <span class='ocrx_word' id='word_1_203' title='bbox 990 3109 1138 3173; x_wconf 87' lang='lat' dir='ltr'>iuvenem</span> 
     </span>
     <span class='ocr_line' id='line_1_29' title="bbox 15 3211 1221 3300; baseline -0.002 -22"><span class='ocrx_word' id='word_1_204' title='bbox 15 3215 167 3279; x_wconf 88' lang='lat' dir='ltr'>mitatum</span> <span class='ocrx_word' id='word_1_205' title='bbox 192 3211 397 3280; x_wconf 86' lang='lat' dir='ltr'>hexametros</span> <span class='ocrx_word' id='word_1_206' title='bbox 424 3213 538 3279; x_wconf 84' lang='lat' dir='ltr'>fecisse</span> <span class='ocrx_word' id='word_1_207' title='bbox 566 3215 605 3278; x_wconf 80' lang='lat' dir='ltr'>nt</span> <span class='ocrx_word' id='word_1_208' title='bbox 636 3211 814 3300; x_wconf 82' lang='lat' dir='ltr'>Sophocles</span> <span class='ocrx_word' id='word_1_209' title='bbox 844 3213 977 3278; x_wconf 87' lang='lat' dir='ltr'>dicatur</span> <span class='ocrx_word' id='word_1_210' title='bbox 1005 3213 1139 3278; x_wconf 80' lang='lat' dir='ltr'>tertiam</span> <span class='ocrx_word' id='word_1_211' title='bbox 1218 3212 1221 3215; x_wconf 78' lang='grc'><strong>’</strong></span> 
     </span>
     <span class='ocr_line' id='line_1_30' title="bbox 15 3309 1140 3404; baseline 0.002 -23"><span class='ocrx_word' id='word_1_212' title='bbox 15 3318 230 3384; x_wconf 64' lang='lat' dir='ltr'>ternomio</span> <span class='ocrx_word' id='word_1_213' title='bbox 253 3309 379 3385; x_wconf 81' lang='lat' dir='ltr'>scenam</span> <span class='ocrx_word' id='word_1_214' title='bbox 401 3320 566 3384; x_wconf 83' lang='lat' dir='ltr'>induxisse</span> <span class='ocrx_word' id='word_1_215' title='bbox 589 3339 784 3403; x_wconf 89' lang='lat' dir='ltr'>quamquam</span> <span class='ocrx_word' id='word_1_216' title='bbox 807 3317 988 3404; x_wconf 77' lang='lat' dir='ltr'>Aeschylus</span> <span class='ocrx_word' id='word_1_217' title='bbox 1011 3338 1140 3404; x_wconf 88' lang='lat' dir='ltr'>quoque</span> 
     </span>
     <span class='ocr_line' id='line_1_31' title="bbox 15 3421 1140 3511; baseline 0.001 -24"><span class='ocrx_word' id='word_1_218' title='bbox 15 3447 63 3488; x_wconf 76' lang='lat' dir='ltr'>roe</span> <span class='ocrx_word' id='word_1_219' title='bbox 91 3446 225 3488; x_wconf 90' lang='lat' dir='ltr'>numero</span> <span class='ocrx_word' id='word_1_220' title='bbox 253 3447 465 3511; x_wconf 88' lang='lat' dir='ltr'>personarum</span> <span class='ocrx_word' id='word_1_221' title='bbox 494 3446 572 3488; x_wconf 89' lang='lat' dir='ltr'>usus</span> <span class='ocrx_word' id='word_1_222' title='bbox 602 3424 650 3487; x_wconf 86' lang='lat' dir='ltr'>sit</span> <span class='ocrx_word' id='word_1_223' title='bbox 699 3421 765 3489; x_wconf 84' lang='lat' dir='ltr'>Sed</span> <span class='ocrx_word' id='word_1_224' title='bbox 792 3425 898 3489; x_wconf 87' lang='lat' dir='ltr'>neseio</span> <span class='ocrx_word' id='word_1_225' title='bbox 930 3425 1007 3508; x_wconf 88' lang='lat' dir='ltr'>quid</span> <span class='ocrx_word' id='word_1_226' title='bbox 1036 3424 1140 3490; x_wconf 86' lang='lat' dir='ltr'>Wiill-</span> 
     </span>
     <span class='ocr_line' id='line_1_32' title="bbox 15 3529 1139 3614; baseline 0.001 -22"><span class='ocrx_word' id='word_1_227' title='bbox 15 3551 100 3594; x_wconf 70' lang='lat' dir='ltr'>ierus</span> <span class='ocrx_word' id='word_1_228' title='bbox 121 3531 242 3594; x_wconf 86' lang='lat' dir='ltr'>sentiat</span> <span class='ocrx_word' id='word_1_229' title='bbox 262 3530 303 3595; x_wconf 88' lang='lat' dir='ltr'>de</span> <span class='ocrx_word' id='word_1_230' title='bbox 323 3554 410 3596; x_wconf 86' lang='lat' dir='ltr'>anno</span> <span class='ocrx_word' id='word_1_231' title='bbox 433 3551 497 3614; x_wconf 88' lang='lat' dir='ltr'>quo</span> <span class='ocrx_word' id='word_1_232' title='bbox 519 3529 662 3596; x_wconf 82' lang='lat' dir='ltr'>Naevius</span> <span class='ocrx_word' id='word_1_233' title='bbox 685 3534 833 3594; x_wconf 80' lang='lat' dir='ltr'>mortuus</span> <span class='ocrx_word' id='word_1_234' title='bbox 855 3531 914 3606; x_wconf 88' lang='lat' dir='ltr'>sit,</span> <span class='ocrx_word' id='word_1_235' title='bbox 940 3531 1032 3596; x_wconf 89' lang='lat' dir='ltr'>nobis</span> <span class='ocrx_word' id='word_1_236' title='bbox 1055 3531 1139 3594; x_wconf 85' lang='lat' dir='ltr'>enim</span> 
     </span>
     <span class='ocr_line' id='line_1_33' title="bbox 15 3635 1139 3720; baseline -0.001 -21"><span class='ocrx_word' id='word_1_237' title='bbox 15 3637 56 3718; x_wconf 66' lang='lat' dir='ltr'>[ui</span> <span class='ocrx_word' id='word_1_238' title='bbox 78 3657 152 3700; x_wconf 87' lang='lat' dir='ltr'>oum</span> <span class='ocrx_word' id='word_1_239' title='bbox 175 3635 288 3702; x_wconf 88' lang='lat' dir='ltr'>eodem</span> <span class='ocrx_word' id='word_1_240' title='bbox 319 3653 402 3702; x_wconf 84' lang='lat' dir='ltr'>anno</span> <span class='ocrx_word' id='word_1_241' title='bbox 433 3638 597 3700; x_wconf 84' lang='lat' dir='ltr'>mortuum</span> <span class='ocrx_word' id='word_1_242' title='bbox 628 3655 698 3698; x_wconf 85' lang='lat' dir='ltr'>esse</span> <span class='ocrx_word' id='word_1_243' title='bbox 726 3657 985 3720; x_wconf 73' lang='lat' dir='ltr'>oensemns&#39;qno</span> <span class='ocrx_word' id='word_1_244' title='bbox 1014 3635 1139 3698; x_wconf 83' lang='lat' dir='ltr'>Ennius</span> 
     </span>
     <span class='ocr_line' id='line_1_34' title="bbox 15 3739 1140 3827; baseline -0.001 -23"><span class='ocrx_word' id='word_1_245' title='bbox 15 3740 139 3806; x_wconf 66' lang='lat' dir='ltr'>tomam</span> <span class='ocrx_word' id='word_1_246' title='bbox 166 3740 310 3818; x_wconf 87' lang='lat' dir='ltr'>venerit,</span> <span class='ocrx_word' id='word_1_247' title='bbox 341 3765 404 3807; x_wconf 92' lang='lat' dir='ltr'>non</span> <span class='ocrx_word' id='word_1_248' title='bbox 432 3741 507 3806; x_wconf 86' lang='lat' dir='ltr'>lieet</span> <span class='ocrx_word' id='word_1_249' title='bbox 537 3739 743 3806; x_wconf 85' lang='lat' dir='ltr'>Wiillnerum</span> <span class='ocrx_word' id='word_1_250' title='bbox 774 3742 873 3826; x_wconf 87' lang='lat' dir='ltr'>sequi.</span> <span class='ocrx_word' id='word_1_251' title='bbox 923 3739 1011 3805; x_wconf 87' lang='lat' dir='ltr'>Nihil</span> <span class='ocrx_word' id='word_1_252' title='bbox 1038 3741 1140 3827; x_wconf 85' lang='lat' dir='ltr'>igitur</span> 
     </span>
    </p>

    <p class='ocr_par' dir='ltr' id='par_1_12' title="bbox 246 3911 1030 3948">
     <span class='ocr_line' id='line_1_35' title="bbox 246 3911 1030 3948; baseline 0 -12"><span class='ocrx_word' id='word_1_253' title='bbox 246 3931 248 3936; x_wconf 81' lang='grc'>,</span> <span class='ocrx_word' id='word_1_254' title='bbox 306 3911 343 3948; x_wconf 68' lang='lat' dir='ltr'>ae·</span> <span class='ocrx_word' id='word_1_255' title='bbox 381 3917 384 3926; x_wconf 32' lang='grc' dir='ltr'><strong><em>ι</em></strong></span> <span class='ocrx_word' id='word_1_256' title='bbox 1028 3928 1030 3936; x_wconf 73' lang='grc'>,</span> 
     </span>
    </p>

    <p class='ocr_par' dir='ltr' id='par_1_13' title="bbox 77 3959 1138 4055">
     <span class='ocr_line' id='line_1_36' title="bbox 77 3959 1138 4055; baseline 0 -17"><span class='ocrx_word' id='word_1_257' title='bbox 77 3992 96 4051; x_wconf 81' lang='lat'>¹)</span> <span class='ocrx_word' id='word_1_258' title='bbox 116 3989 148 4038; x_wconf 79' lang='lat' dir='ltr'>ct.</span> <span class='ocrx_word' id='word_1_259' title='bbox 168 3990 278 4047; x_wconf 76' lang='lat' dir='ltr'>Vahlen.</span> <span class='ocrx_word' id='word_1_260' title='bbox 298 3991 363 4040; x_wconf 81' lang='lat' dir='ltr'>Ean.</span> <span class='ocrx_word' id='word_1_261' title='bbox 382 3959 446 4039; x_wconf 75' lang='lat' dir='ltr'>snm</span> <span class='ocrx_word' id='word_1_262' title='bbox 462 3991 486 4048; x_wconf 79' lang='lat'>7,</span> <span class='ocrx_word' id='word_1_263' title='bbox 508 3995 529 4038; x_wconf 80' lang='lat'>1.</span> <span class='ocrx_word' id='word_1_264' title='bbox 551 3987 783 4054; x_wconf 80' lang='lat' dir='ltr'>-¹)ef.1sidor.</span> <span class='ocrx_word' id='word_1_265' title='bbox 803 3989 891 4055; x_wconf 81' lang='lat' dir='ltr'>Origg.</span> <span class='ocrx_word' id='word_1_266' title='bbox 914 3995 936 4049; x_wconf 87' lang='grc'>1,</span> <span class='ocrx_word' id='word_1_267' title='bbox 956 3991 997 4037; x_wconf 86' lang='grc'>73.</span> <span class='ocrx_word' id='word_1_268' title='bbox 1017 4015 1050 4024; x_wconf 83' lang='grc'>-</span> <span class='ocrx_word' id='word_1_269' title='bbox 1070 3989 1092 4052; x_wconf 82' lang='lat'>⁸)</span> <span class='ocrx_word' id='word_1_270' title='bbox 1105 3986 1138 4038; x_wconf 78' lang='lat' dir='ltr'>ot.</span> 
     </span>
    </p>

    <p class='ocr_par' dir='ltr' id='par_1_14' title="bbox 16 4076 760 4142">
     <span class='ocr_line' id='line_1_37' title="bbox 16 4076 760 4142; baseline 0.003 -18"><span class='ocrx_word' id='word_1_271' title='bbox 16 4077 36 4126; x_wconf 80' lang='lat' dir='ltr'>r.</span> <span class='ocrx_word' id='word_1_272' title='bbox 55 4077 115 4126; x_wconf 72' lang='lat' dir='ltr'>seis.</span> <span class='ocrx_word' id='word_1_273' title='bbox 134 4103 169 4114; x_wconf 91' lang='lat'>-</span> <span class='ocrx_word' id='word_1_274' title='bbox 186 4077 209 4139; x_wconf 79' lang='lat'>⁴)</span> <span class='ocrx_word' id='word_1_275' title='bbox 228 4077 291 4127; x_wconf 66' lang='lat' dir='ltr'>oen.</span> <span class='ocrx_word' id='word_1_276' title='bbox 312 4077 378 4142; x_wconf 78' lang='lat' dir='ltr'>ape.</span> <span class='ocrx_word' id='word_1_277' title='bbox 399 4077 485 4126; x_wconf 73' lang='lat' dir='ltr'>eonor.</span> <span class='ocrx_word' id='word_1_278' title='bbox 509 4083 574 4126; x_wconf 77' lang='lat' dir='ltr'>iseo</span> <span class='ocrx_word' id='word_1_279' title='bbox 595 4077 630 4126; x_wconf 84' lang='lat'>11.</span> <span class='ocrx_word' id='word_1_280' title='bbox 649 4076 680 4126; x_wconf 82' lang='lat' dir='ltr'>n.</span> <span class='ocrx_word' id='word_1_281' title='bbox 703 4082 760 4126; x_wconf 81' lang='lat' dir='ltr'>rso.</span> 
     </span>
    </p>
   </div>
   <div class='ocr_carea' id='block_1_9' title="bbox 0 0 1373 4610">
    <p class='ocr_par' dir='ltr' id='par_1_15' title="bbox 0 0 1373 4610">
     <span class='ocr_line' id='line_1_38' title="bbox 0 0 1373 4610; baseline 0 0"><span class='ocrx_word' id='word_1_282' title='bbox 0 0 1373 4610; x_wconf 95' lang='lat' dir='ltr'> </span> 
     </span>
    </p>
   </div>
  </div>
 </body>
</html>
