2712 4630
780 248 822 310 et

695 332 796 342 ——au-
808 333 901 342 ...ι-.-

228 435 271 502 tis
293 435 447 502 Romanis
469 434 532 503 olio
559 433 687 503 nomine
715 455 786 501 esse
812 435 1002 523 inscriptam
1030 457 1133 521 quem
1171 457 1215 502 eo
1246 437 1328 521 quod

231 539 365 612 Graecis
399 541 506 627 poetis
539 539 723 626 acceperit?
786 539 913 606 Deinde
950 542 1056 628 ipsum
1093 564 1169 607 non
1209 542 1338 607 credidis

232 647 383 718 existimo
412 644 537 711 fabulas
559 645 592 710 iu
614 643 714 713 libros
735 643 835 710 fuisso
865 645 999 723 divisus3
1031 647 1119 732 quod
1154 647 1249 712 enirn
1282 647 1338 711 edlu

232 753 273 818 de
295 746 451 816 divisione
466 749 698 836 Lampadionis
720 749 800 816 nihil
822 753 872 818 est
883 755 907 834 1)
931 775 1031 836 quum
1054 753 1082 816 is
1105 755 1251 818 tantum
1269 752 1337 816 bellu

231 855 391 930 Punicum
415 856 628 931 recensuerit,
652 877 720 930 nec,
744 856 870 920 etiamsi
892 855 1017 922 subulas
1041 857 1238 932 divisisset,
1262 857 1338 920 laude

230 984 286 1028 eus
307 984 367 1048 per
388 959 488 1026 libros
510 981 606 1046 posse
628 959 734 1028 credo·
781 959 954 1028 Postremo
976 983 1017 1026 ne
1032 961 1233 1048 fragmento
1256 963 1338 1046 quido

166 1069 173 1080 '
230 1067 376 1152 Lycurgi
410 1064 476 1130 ullo
505 1065 600 1130 modo
629 1065 803 1133 eiusmodi
819 1066 1042 1132 discissionem
1078 1066 1235 1154 probare
1276 1089 1338 1131 omn

230 1171 336 1258 primo
358 1169 478 1236 obtutu
500 1169 621 1241 vident.

254 1275 415 1341 Alter
450 1274 540 1345 loeus
574 1296 639 1361 quo
669 1298 691 1338 u
692 1275 775 1341 titur
803 1273 1044 1341 Klussmuunue
1076 1226 1128 1342 est
1168 1278 1265 1366 apud
1298 1275 1338 1342 Pri

231 1381 357 1449 οιιιιιιιιιι
370 1385 409 1463 ιι

265 1486 485 1563 „Adorior
507 1490 540 1550 et
562 1485 689 1562 adorio,
712 1486 882 1572 impertior
904 1489 938 1551 et
959 1488 1120 1574 impertio.

318 1591 461 1658 Naevius
482 1592 516 1657 iu
538 1589 684 1658 Hectore
706 1589 947 1676 proficiscente:

319 1697 434 1778 „Tunc
466 1697 555 1782 ipsos
588 1695 737 1760 adorient
775 1717 815 1762 ne
854 1697 909 1781 qui
949 1695 1022 1761 hinc
1038 1695 1221 1785 *Spartam
1262 1694 1338 1760 reson

167 1794 171 1799 ’
231 1803 413 1870 nuntiumfl

319 1900 501 1994 [haectorer
524 1903 844 2012 RBH31nioctore:
869 1905 932 1984 G;

318 2028 477 2094 hieotore:
500 2027 594 2106 LK3
617 2029 671 2096 l.l.
675 1995 782 2095 lieect
783 2051 855 2100 ore:
881 2029 932 2106 D3
1337 1983 1338 2066 l

319 2153 382 2217 ιιι.
412 2151 486 2218 hect
472 2155 543 2217 tore
570 2118 751 2232 (haectorei
782 2151 968 2234 Dermstb)
1004 2150 1200 2236 Darmstrb)
1241 2145 1336 2218 Caroli

231 2257 478 2427 alterillidemue
504 2360 606 2448 igitur
634 2360 666 2425 in
697 2359 884 2426 melioribus
915 2359 1078 2425 codicibus
1107 2361 1193 2426 illud
1226 2361 1288 2427 111.
1307 2373 1337 2420 11⁰¹

231 2467 354 2540 extare,
378 2465 493 2529 deinde
507 2467 546 2530 ut
561 2464 745 2547 Hertzius³)
761 2469 849 2531 recte
864 2466 1027 2540 admonet,
1049 2466 1143 2532 valde
1159 2467 1296 2531 dubium
1309 2461 1337 2528 ol

231 2592 294 2636 non
311 2569 414 2634 solum
430 2573 541 2635 utrum
557 2569 698 2636 Naevius
713 2570 963 2656 Astydsmoutis
979 2571 1157 2637 Hectorem
1175 2559 1337 2668 expresserit

231 2676 342 2743 sedt
310 2677 407 2742 eiam
429 2679 540 2742 utrum
555 2675 643 2742 Hect
628 2680 682 2741 tor
695 2675 760 2739 Ast
745 2677 944 2761 tydomuntis
960 2677 1090 2763 trilogie
1110 2676 1223 2747 fuerit.
1263 2671 1321 2750 Neq
1322 2681 1337 2726 ι

229 2781 428 2868 intellegitur
443 2781 521 2866 quid
537 2780 597 2846 sibi
612 2781 690 2847 velit
704 2780 783 2845 illud
799 2781 890 2846 addit
875 2784 999 2846 ttamen
1000 2805 1054 2845 um
1070 2777 1123 2846 ιιι
1139 2803 1244 2865 quum
1268 2778 1337 2868 ipsud

128 2957 130 2960 ,
231 2887 424 2952 adiectivurn
447 2886 696 2972 „proficiscens“
719 2889 799 2951 setis
822 2887 941 2952 indicet
964 2886 1005 2951 de
1027 2907 1091 2970 qua
1111 2890 1208 2972 parte
1225 2869 1337 2986 trilogul

231 3013 336 3056 sermo
361 2991 421 3066 sit;
450 2989 529 3056 hoec
556 2990 640 3056 euim
662 2991 715 3055 lex
737 2995 788 3057 est
810 2992 1013 3078 trilogiarum
1036 2990 1103 3054 ut
1093 2989 1197 3076 ipsius
1222 2985 1314 3066 trilog
1298 2951 1337 3040 oiri

229 3117 347 3163 nornen
363 3094 498 3181 simplex
515 3094 566 3172 sit,
584 3095 783 3182 singularum
799 3118 875 3162 vero
886 3095 1068 3161 fabularum
1084 3095 1217 3160 nomine
1229 3095 1285 3156 aut
1297 3037 1337 3148 alil

230 3202 360 3267 omnino
381 3198 565 3265 nominibus
585 3204 644 3266 eut
658 3200 777 3266 additis
799 3201 964 3267 adiectivis
980 3201 1162 3265 discernunt
1164 3223 1213 3266 ur.
1252 3195 1336 3272 ltaqn

229 3306 294 3369 iem
321 3303 469 3381 „Hector
484 3303 710 3402 proficiscens“
732 3305 813 3370 satis
826 3307 948 3371 indicat
964 3328 1059 3391 quam
1075 3308 1202 3392 partem
1219 3211 1336 3380 trilogqltt

229 3390 423 3474 intellexerit
444 3392 630 3475 Priscianus
653 3413 686 3476 et
708 3432 989 3497 supervacaneum,
1013 3411 1089 3496 quin
1111 3409 1241 3482 falsum,
1264 3393 1336 3486 εειι

229 3515 306 3580 cont
307 3537 343 3578 ιιι
365 3512 494 3600 linguae
517 3535 612 3579 usum
634 3516 663 3580 si
685 3516 776 3581 addit
762 3521 817 3582 tur
838 3537 990 3582 numerus
1017 3515 1062 3579 illi
1085 3515 1212 3579 fabulae
1234 3491 1336 3575 nomini

318 3617 385 3686 Sed
407 3641 448 3686 ne
471 3620 558 3686 credi
581 3621 710 3705 quidem
739 3625 799 3710 pot
784 3623 850 3686 test
879 3619 1063 3708 trilogias'
1053 3642 1118 3684 ram
1140 3620 1195 3685 illo
1217 3615 1336 3706 tempor

229 3745 250 3788 c
278 3724 434 3790 Romanis
464 3725 568 3811 poetis
599 3748 669 3792 esse
699 3727 895 3812 compositas
906 3729 942 3808 4),
972 3725 997 3789 si
1021 3725 1150 3810 quidem
1177 3743 1240 3811 poe
1241 3715 1336 3820 tueri

228 3830 352 3895 tionem
375 3829 487 3916 populi
510 3833 685 3916 spectantis
707 3830 878 3896 hebebant.
1335 3871 1336 3917 ι

301 4041 321 4100 1)
340 4039 373 4088 cf.
395 4039 480 4090 Hertz.
500 4055 525 4104 p.
546 4046 604 4091 seo.
622 4071 657 4081 -
679 4042 700 4100 ²)
718 4055 742 4102 p.
765 4046 812 4090 sor
835 4039 864 4091 1³.
884 4047 936 4091 sco
954 4041 988 4093 Η.
1008 4067 1041 4078 -
1061 4041 1083 4102 ι)
1101 4056 1125 4107 p.
1145 4043 1204 4089 uso.
1230 4061 1261 4072 -
1280 4017 1335 4089 ιιι

227 4136 317 4193 postes
331 4127 437 4192 ,quidem
457 4129 523 4180 ullus
542 4135 619 4192 poete
637 4127 766 4182 Romanus
785 4129 900 4190 trilogios
917 4130 1026 4192 scripsit.
