2734 4610
468 199 595 290 „2¹9

11 383 36 444 d
67 381 261 446 tolerandos
292 381 419 446 labores
451 383 641 449 cohortatur
669 387 713 467 (1,
739 387 780 466 9).
828 383 921 448 Sicut
934 387 976 451 ,in
996 387 1143 452 Aeneide

11 486 150 550 duribus
176 486 426 572 tempestatibus
443 489 571 552 Aeneas
593 489 730 565 laborat,
753 492 787 554 in
809 489 891 555 bello
908 489 1032 555 Punico
1045 493 1140 556 idem

11 595 147 656 tatuere
174 575 299 670 libebit,
331 596 369 656 ut
398 592 461 657 alia
494 593 645 658 sortasse
671 598 866 680 tempestate
889 595 1140 663 Venae-Jovem
1223 669 1230 686 ἱ

11 701 130 760 ratrem
155 699 228 762 oret
244 698 456 770 utTroianos
479 703 587 763 servet
607 704 652 783 (1.
678 704 740 781 10).
778 700 870 764 Haec
896 705 1020 785 patrem
1044 723 1139 764 suum

11 825 191 887 upremum
221 802 362 887 adpellat
390 805 435 888 (1,
462 809 514 885 11)
542 825 679 888 eumque
709 805 875 880 hortatur,
908 827 942 868 se
972 806 1040 870 eins
1069 827 1140 870 esse

11 908 190 993 ›rogeniem
214 909 283 990 (inc,
312 916 339 970 1.
363 909 403 972 cf.
420 909 519 994 Verg.
546 910 624 973 Aen.
652 918 679 982 1,
704 916 766 976 250
782 909 924 974 Nostua
945 912 1138 996 progenies).

11 1013 164 1097 lergilius
179 1013 322 1076 Aeneam
347 1003 453 1098 primo
476 1016 587 1078 stetim
602 1037 700 1078 cursu
723 1037 824 1099 usque
847 1017 887 1080 ad
905 1013 1031 1079 Siciliae
1046 1037 1139 1079 oram

11 1119 186 1202 pervenisse
207 1120 330 1194 narrat,
350 1119 438 1182 idem
461 1120 524 1183 iter
538 1117 719 1184 Naevianus
736 1122 860 1184 Aeneas
881 1120 967 1194 fecit,
992 1121 1033 1184 de
1046 1122 1140 1184 cuius

11 1227 147 1306 :agnata
167 1221 474 1308 Prochytainsula,
497 1245 601 1310 prope
623 1225 750 1288 ltaliam
774 1227 852 1300 sita,
876 1226 1139 1310 nomen‘accepit

11 1330 47 1410 21,
74 1329 129 1408 16)
157 1328 188 1390 in
219 1327 274 1390 illa
308 1327 413 1392 insula
439 1328 577 1392 fortasse
609 1331 707 1392 erant
728 1329 773 1418 illi
805 1329 949 1394 homines
977 1330 1149 1394 silvicolae
1186 1323 1188 1328 ¹

11 1432 142 1516 nellique
163 1431 282 1498 inertes
301 1431 348 1520 '(1‚
368 1437 424 1517 17)
444 1457 518 1497 nam
542 1457 582 1498 ne
602 1435 641 1498 de
657 1433 769 1499 ltaliae
792 1438 850 1499 aut
865 1434 991 1520 Libyae
1010 1433 1138 1520 populis

11 1539 185 1623 :agitemus
214 1543 325 1602 vetant
361 1538 454 1602 multi
490 1539 550 1602 loei
575 1539 752 1624 Vergiliani
775 1539 891 1625 quibus
920 1541 993 1604 illae
1020 1543 1138 1626 gentes

11 1644 229 1728 bellipotentes
262 1645 478 1710 nominantur.
535 1645 651 1708 Restat
684 1642 901 1731 fragmentum
937 1646 1031 1732 primi
1064 1645 1137 1710 libri
1187 1724 1190 1727 Δ

11 1749 164 1812 decimum
189 1753 355 1826 octavum,
384 1748 439 1813 ubi
469 1752 566 1834 poeta
589 1749 628 1812 de
652 1751 749 1836 signis
772 1751 1022 1835 loquiturqnae
1042 1751 1138 1816 alicui

11 1856 53 1918 rei
75 1857 201 1918 inerant
216 1868 376 1940 expressa.
415 1854 653 1918 Klussmannus
667 1857 691 1937 ¹)
714 1857 969 1941 quamprimum
986 1856 1138 1942 eogitarit

11 1960 49 2022 rle
69 1962 196 2024 Aeneae
219 1959 370 2035 uambae,
386 1965 502 2024 ¹censet
521 1959 649 2034 tamen,
673 1961 828 2044 imagines
850 1957 984 2025 navibus
1007 1971 1072 2026 non'
1093 1961 1138 2024 in-

11 2066 101 2149 primi
117 2066 173 2129 sed
190 2065 298 2151 adfigi.
316 2077 319 2084 ’
337 2067 493 2130 Attamen
509 2087 607 2148 quum
619 2087 720 2128 unam
737 2068 864 2128 tantum
881 2087 993 2128 navem
1011 2066 1138 2129 Aeneas
1180 2141 1182 2148 y

11 2169 152 2234 habuerit
179 2172 311 2236 omniuo
338 2171 378 2234 de
408 2171 507 2256 signis
536 2169 670 2232 navibus
698 2170 825 2234 Aeneae
854 2170 1005 2254 inpressis
1032 2169 1138 2233 nullus

11 2295 113 2338 sermo
135 2279 193 2340 est.
231 2277 341 2361 Magis
357 2298 433 2340 vero
449 2276 553 2360 placet
570 2275 789 2338 Klussmanno
805 2275 867 2338 alia
882 2265 1052 2360 explicatio
1075 2296 1139 2358 qua

11 2380 131 2453 statuit,
153 2383 289 2464 poetam
311 2373 466 2465 imagines
490 2380 667 2445 describere
684 2402 767 2464 quae
785 2381 902 2444 viderit
918 2387 1043 2444 Aeneas
1060 2377 1137 2444 Car-

11 2483 136 2569 thagine
158 2487 191 2548 in
212 2484 335 2570 templo
356 2485 512 2560 iunonis,
536 2507 617 2568 qnae
640 2485 806 2549 resnobis
829 2507 957 2569 quoque
979 2484 1138 2570 probatur

11 2588 282 2653 considerantibus
311 2590 444 2653 eandem
472 2612 541 2654 rem
570 2591 602 2652 in
633 2591 775 2654 Aeneide
803 2611 984 2661 occurrere,
1000 2591 1048 2651 ‘in
1073 2588 1137 2652 fine
1228 2623 1230 2628 a

11 2693 79 2756 fere
107 2693 199 2777 primi
226 2694 316 2770 libri,
348 2693 402 2758 ubi
425 2695 552 2758 Aeneas
583 2717 637 2758 res
667 2695 784 2759 Troiae
813 2697 922 2779 gestas
951 2694 984 2755 in
1013 2692 1138 2777 teimplo

11 2798 115 2882 pietas
145 2797 293 2883 adspicit3
327 2803 426 2883 atque
447 2799 595 2885 profecto
619 2799 728 2875 Atlas,
756 2821 850 2882 qrrem
878 2799 1025 2862 nominat
1053 2797 1139 2883 frag-

11 2907 150 2976 mentum
172 2902 250 2966 illud
275 2905 402 2989 dequo
425 2892 604 2988 loquimur,
631 2906 664 2968 in
686 2904 816 2992 Libyae
837 2903 953 2968 finibus
976 2903 1137 2990 optimam

12 3005 111 3072 locum
126 3008 256 3073 invenit.
294 3010 369 3074 Hoc
389 3010 418 3072 si
440 3011 488 3073 ita
503 3011 708 3094 subprimere
724 3009 799 3074 belli
814 3011 926 3076 Punici
948 3009 1028 3072 liber
1043 3008 1138 3072 simili
1191 3082 1201 3100 ι

11 3110 73 3176 fere
94 3115 188 3178 modo
211 3113 324 3179 finitur
347 3137 412 3199 quo
435 3103 557 3201 prinius
580 3116 661 3181 liber
684 3115 850 3192 Aeneidis,
879 3117 1031 3182 narratur
1052 3113 1167 3176 enim'

12 3217 145 3282 Aeneam
167 3216 399 3306 Carthaginem
423 3221 556 3298 venisse.
789 3207 791 3212 ’

92 3325 130 3388 ln
163 3323 303 3390 secundo
324 3307 425 3400 libro,
447 3329 488 3388 ut
515 3347 616 3410 snpra
638 3325 863 3410 exposuimus,
892 3345 944 3386 res
968 3321 1138 3408 Carthagi

15 3429 127 3494 aienses
151 3437 358 3496 exornantur.
404 3432 444 3495 ln
466 3431 603 3514 Vergilii
626 3431 769 3495 Aeneide
789 3430 861 3515 ipsa
882 3428 993 3494 Venus
1014 3427 1139 3494 Punica

15 3530 75 3597 sata
95 3535 159 3598 lilio
183 3536 499 3620 evolvitnarratque
521 3557 572 3602 res
593 3557 613 3598 a
634 3535 765 3600 Didone
787 3539 912 3621 gest-as3
935 3534 1038 3598 simile
1060 3533 1139 3616 quid

15 3636 143 3704 fortasse
165 3640 198 3703 in
221 3639 335 3706 Naevii
358 3641 609 3716 commearat,
639 3649 713 3704 riam
735 3639 875 3705 Naevius
906 3661 1033 3724 quoque
1054 3639 1139 3704 dixit
1208 3695 1211 3703 ,

17 3746 94 3809 caius
115 3745 198 3810 filiae
220 3745 342 3810 fuerint
364 3749 460 3812 Anna
481 3749 514 3810 et
536 3745 625 3810 Dido
648 3743 702 3828 (cf.
725 3744 821 3811 Vabl.
848 3737 876 3819 1,
902 3748 964 3828 12).
1009 3743 1138 3810 Deinde

17 3849 130 3914 Aeneas
144 3872 244 3934 qaum
260 3853 366 3937 ipsam
381 3851 544 3918 Didonem
568 3851 693 3917 videret
715 3851 846 3934 eiusque
862 3851 971 3913 mitem
995 3849 1137 3914 animum

36 4052 38 4061 ‚
75 4083 94 4144 ¹)
111 4097 136 4146 p.
156 4087 198 4131 46.
