2734 4610
805 189 848 246 46

259 373 352 438 facile
381 374 530 460 ignotum
561 375 672 442 Ninnii
697 397 821 442 nomen.
843 375 1007 460 corrumpi
1036 375 1189 460 potuerit
1221 375 1260 438 in
1295 361 1338 452 nol

259 477 374 544 Naevii
403 503 513 546 omnes
543 481 614 547 illos
636 481 848 546 hexametros
877 481 932 564 qui
959 479 1073 544 Naevii
1099 473 1338 552 feruntur‘adl

260 583 373 650 bemus
402 584 520 651 Ninnio
548 588 575 650 si
605 585 736 671 quidem
765 586 798 648 in
823 585 958 649 iliadem
989 584 1186 668 quadrant,
1215 606 1282 649 nec
1308 567 1338 656 ul

262 688 386 776 Cypria
419 691 494 754 llias
535 712 631 774 quam
670 689 837 757 Charisius
872 689 983 754 laudat
1023 688 1143 754 Ninnio
1190 687 1338 756 Crasso,

260 793 446 860 tribuenda
465 817 548 878 quae
584 799 694 867 utrum
729 796 898 882 proprium
934 793 1034 860 fuerit
1065 817 1148 881 opus
1186 816 1298 860 neone
1326 796 1331 806 '

262 921 462 983 quaeremus.
667 953 670 964 .
1072 907 1075 913 ’
1161 931 1163 938 ·
1337 897 1338 984 l

232 1003 234 1006 ’
339 1004 549 1070 -Testimonia
585 1007 687 1093 igitur
719 1028 818 1092 supra
851 1004 949 1070 allata
980 1005 1062 1068 duos
1095 1025 1217 1069 versus
1256 1026 1329 1090 prae

262 1108 352 1173 nullo
375 1111 525 1176 carminis
547 1112 676 1178 nomine
705 1111 833 1186 addit03
863 1109 1050 1175 Priscianus
1076 1110 1156 1174 citat
1186 1108 1311 1174 Naevii
1337 1095 1338 1102 ἵ

262 1213 350 1290 dem,
375 1211 543 1282 Charisius
567 1216 709 1280 eiusdem
734 1213 892 1306 Cypriam
914 1215 1061 1280 Iliadem.
1091 1215 1328 1299 Atque-virid

210 1337 212 1345 ·
262 1320 404 1404 exceptis
427 1321 465 1384 iis
489 1320 552 1404 qui'
566 1320 692 1385 duobus
715 1319 819 1406 poetis
841 1318 920 1384 haee
942 1319 1007 1384 duo
1035 1321 1178 1384 carmina
1205 1318 1330 1384 adsorib

262 1423 344 1488 hanc
366 1446 435 1489 rem
457 1426 504 1490 ita
526 1420 759 1500 diiudicarent,
783 1427 821 1490 ut
843 1424 968 1512 plenius
990 1447 1107 1490 nomen
1129 1427 1315 1511 genuinum

263 1534 443 1605 censerent,
466 1529 669 1595 Priscianum
692 1530 955 1596 vero.brevitate
984 1551 1079 1594 usum
1109 1551 1179 1596 esse
1213 1532 1334 1595 dicerer

135 1616 147 1636 ⁶
199 1635 200 1640 ’
264 1655 422 1717 quaeres
452 1656 512 1718 per
542 1655 577 1698 se
604 1634 716 1698 similis
746 1639 798 1700 est
818 1637 901 1711 veri,
933 1635 994 1698 nisi
1022 1636 1128 1720 ipsum
1166 1634 1259 1700 illud
1296 1641 1338 1736 nep

264 1736 406 1824 Cypriae
427 1738 538 1802 iliadis
562 1761 710 1826 magnam
733 1739 904 1826 praeberet
937 1739 1175 1814 difficultatem,
1213 1761 1301 1825 quae

262 1846 399 1929 apparet
432 1842 553 1926 siquis
578 1846 816 1931 comparaverit
837 1847 942 1911 varias
964 1847 1108 1910 virorum
1136 1846 1315 1912 doctorum

228 1953 231 1960 '
262 1948 380 2012 tentiae
403 1947 444 2012 de
465 1947 526 2016 hae
548 1971 584 2016 re
606 1951 762 2036 prolatas.
807 1950 957 2034 Namque
978 1953 1118 2037 primum
1147 1972 1210 2015 nos
1244 1951 1317 2014 dete

263 2053 360 2118 debet
391 2053 479 2138 quod
507 2073 667 2139 nusquam
697 2057 730 2120 in
758 2058 829 2120 tota
858 2058 1055 2140 antiquitate
1077 2054 1241 2142 Cypriam
1273 2054 1323 2119 Ilia

263 2162 548 2226 commemoratam
570 2161 748 2224 invenimus
770 2180 874 2242 neque
897 2159 984 2244 apud
1008 2159 1152 2226 Graecos
1178 2182 1291 2246 neque
1315 2181 1326 2220 a

170 2323 171 2328 ,
262 2264 552 2344 postmanente
575 2264 658 2327 enim
681 2283 792 2326 omnes
813 2267 1030 2348 expectarent,
1054 2265 1194 2349 aliquam
1219 2267 1327 2332 saltem

127 2411 130 2419 -
165 2432 184 2449 „
217 2366 219 2372 ’
264 2392 349 2435 mam
381 2368 421 2432 de
444 2365 568 2452 Cypria
596 2365 649 2428 illa
675 2366 777 2432 Iliade
805 2369 851 2432 ad
869 2391 928 2432 nos
957 2371 1141 2454 pervenisse
1168 2393 1276 2454 quum
1298 2389 1333 2432 ou

166 2483 171 2492 ‘
264 2473 421 2552 eiusmodi
449 2471 592 2536 carmina
620 2493 641 2534 a
669 2469 804 2537 Graecis
836 2473 989 2560 religione
1025 2474 1179 2558 quadam·
1202 2476 1296 2540 culta
1321 2469 1334 2531 ε’

264 2577 460 2662 Perfugiunt
475 2574 535 2640 viri
551 2576 639 2641 docti
661 2597 699 2642 ao
722 2581 759 2641 ut
782 2563 927 2644 statuant
949 2583 1080 2665 poetam
1103 2579 1265 2644 Latinum
1290 2577 1338 2668 G¹

265 2682 414 2748 carminis
443 2701 561 2746 nomen
590 2679 733 2748 mutasse
760 2689 798 2748 ut
826 2706 955 2749 carmen
986 2683 1118 2768 aliquod
1150 2681 1338 2756 Graecuml

267 2785 391 2872 Cypria
420 2807 476 2850 seu
502 2787 636 2864 iliadem
666 2793 818 2853 vocatum
854 2790 1051 2854 nominarit·
1066 2787 1223 2874 Cypriam
1259 2761 1338 2858 Iliadl

266 2913 348 2975 quae
381 2912 434 2955 res
463 2893 550 2956 omni
581 2897 670 2958 caret
699 2892 866 2978 analogia,
906 2894 1016 2977 Atque
1046 2892 1171 2980 Cypria
1197 2894 1323 2978 quidem

265 2997 432 3092 nominata
454 3018 524 3062 esse
546 3001 676 3062 censent
698 2997 890 3064 Welokerus
913 3001 946 3064 et
966 2999 1158 3084 Hertzius³)
1184 3021 1286 3083 quum
1307 2996 1327 3059 si

263 3103 393 3167 ratione
431 3123 560 3167 carmen
596 3101 685 3186 quod
720 3102 855 3168 iliadem
885 3102 1097 3170 antecedebat
1124 3103 1272 3191 „Cypria
1300 3098 1330 3165 ll'

267 3207 424 3274 nominari
447 3207 592 3293 potuerit
614 3229 679 3292 qua
695 3206 780 3272 illud
802 3207 890 3292 quod
911 3207 1047 3274 Iliadem
1077 3210 1276 3294 sequebatur
1300 3231 1330 3285 μι

203 3309 207 3319 ’
270 3309 354 3385 Inar
377 3313 419 3376 sit
449 3312 655 3399 adpellatum.
702 3310 802 3392 Quod
832 3317 944 3378 contra
965 3298 1243 3401 Klossmannusl)
1264 3295 1338 3382 conii

267 3417 329 3481 hoo
343 3437 474 3482 carmen
489 3439 558 3482 esse
573 3417 751 3482 versionem
767 3419 878 3483 Iliadis
893 3441 935 3484 ex
956 3421 1140 3485 recensione
1156 3418 1288 3507 Cypria,
1310 3423 1338 3497 ql

266 3520 322 3586 illa
343 3520 527 3608 fragmenta
547 3544 606 3587 nec
629 3543 663 3587 re
685 3545 744 3588 neo
760 3522 920 3599 librorum
943 3525 1084 3588 numeris
1106 3525 1140 3590 in
1162 3527 1304 3590 nostram
1323 3511 1338 3580 ll

266 3627 316 3692 dis
346 3627 563 3692 recensionem
600 3628 815 3712 quadrarent,
854 3624 978 3714 Cypria
1010 3651 1086 3694 vero
1118 3651 1184 3696 non
1218 3627 1338 3716 potuissl

269 3731 393 3819 Cypria
422 3732 499 3797 Ilias
529 3734 647 3798 vocari.
701 3732 767 3800 Sed
796 3755 954 3818 nusquam
987 3735 1163 3820 quidquam
1201 3735 1240 3800 de
1272 3725 1338 3798 dul

342 3895 361 3954 ¹)
380 3892 413 3942 cf.
431 3891 511 3942 Hertz
529 3907 554 3957 p.
574 3899 625 3943 224
644 3899 699 3958 aqq'.
720 3921 752 3931 -
773 3894 795 3955 ²)
813 3893 965 3944 Welokerus
983 3908 1007 3958 p.
1031 3897 1096 3946 1³4⁷
1110 3904 1197 3948 conset
1208 3867 1338 3962 Gyprlrml

270 3980 327 4028 dem
339 3980 430 4033 Naevii
449 3980 612 4032 obscuratam
631 3995 687 4031 esso
704 3981 773 4031 bollo
792 3980 897 4030 Punico.
911 4007 944 4018 -·-
958 3982 980 4044 ¹)
993 3981 1120 4034 wacker.
1140 3999 1164 4049 p.
1181 3985 1245 4034 1347
1264 3981 1293 4033 cf.
1304 3975 1338 4028 He

270 4083 295 4132 p.
315 4071 367 4118 224
385 4083 440 4132 sqq.
454 4068 486 4121 ef.
506 4068 618 4134 Longino
636 4084 661 4132 p.
680 4073 715 4118 40
733 4069 760 4118 in
777 4067 870 4118 vindic.
889 4075 954 4134 trag.
968 4069 1041 4120 Rom.
1055 4070 1125 4136 Lips.
1147 4077 1219 4122 lona.
1233 4063 1338 4133 -‚⁴)P·l
