2734 4610
213 247 223 296 1
570 225 611 285 37

102 407 187 490 Qua
219 411 253 474 in
279 432 315 476 re
345 410 408 476 boo
434 415 520 478 certe
553 409 702 478 Ciceroni
731 411 892 477 credimus
914 411 1083 476 nonnullas
1105 431 1157 478 res

16 517 162 581 Ennium
186 539 206 580 a
219 515 342 581 Naevio
366 537 435 581 esse
459 520 657 594 mutuatum,
682 539 781 603 quum
803 509 941 602 uterque
963 520 1061 602 poeta
1082 539 1157 582 non-

16 643 184 706 runquam
219 622 351 686 eandem
386 643 454 685 rem
491 623 664 701 tractaret,
699 623 744 688 sic
777 623 861 686 enim
891 625 924 686 et
952 621 1094 702 Naevius
1124 625 1157 688 et

16 729 146 791 danius
174 726 351 793 Romulum
381 726 510 791 Aeneae
538 731 691 814 nepotem
720 726 928 814 perhibent1)
957 731 990 793 et
1020 731 1157 812 uterquc

16 835 154 899 luctum
176 833 277 918 fuisse
292 831 454 897 Anchisen
476 833 597 923 adserit
608 835 633 915 2)
655 836 689 896 et
711 833 791 897 aliae
806 832 946 897 fortasse
961 855 1012 897 res
1027 834 1157 918 utrique

16 941 111 1004 erant
137 959 333 1003 communes.
361 936 446 1002 'Sed
466 959 565 1022 quum
595 931 720 1001 Ennius
751 937 858 1024 primo
884 937 967 1002 libro
996 937 1157 1002 annalium

16 1047 127 1108 totam
149 1041 319 1107 historiam
343 1037 432 1108 urbis
455 1042 615 1118 conditae,
640 1043 797 1128 septimo,
826 1045 924 1128 atque
948 1065 986 1122 ne
1009 1043 1069 1109 hoc
1090 1043 1156 1128 qui-

16 1149 94 1211 dem
119 1149 200 1224 toto,
224 1151 262 1211 ut
284 1147 453 1232 videtur,³)
474 1148 593 1213 bellum
608 1147 768 1213 Punicum
784 1149 924 1234 primum
940 1149 1156 1236 descripserit,

16 1252 204 1337 ubicunque
226 1253 471 1339 fieri-potuerit,
496 1254 658 1329 docemur,
682 1253 825 1318 Ennium
848 1252 971 1318 Naevio
995 1275 1088 1317 suum
1112 1275 1159 1318 re-

16 1357 155 1443 liquisse
183 1375 342 1444 oampum.
387 1359 509 1425 Utrum
536 1359 598 1424 hoc
625 1359 737 1424 fecerit
759 1361 932 1444 propterea
960 1358 1048 1442 quod
1078 1360 1157 1423 satis

16 1465 57 1528 de
92 1464 146 1528 his
181 1463 280 1528 rebus
310 1462 450 1531 Naevius
489 1465 656 1550 scripserit
685 1487 726 1530 an
762 1464 850 1549 quod
883 1463 1023 1529 noluerit
1057 1464 1158 1528 videri

16 1569 179 1635 Naevium
203 1569 423 1647 defraudasse,
458 1571 519 1636 sub
552 1571 655 1636 iudice
683 1569 722 1634 lis
750 1571 802 1634 sit.
855 1570 1027 1636 Rationem
1053 1569 1157 1660 ipsam

16 1697 104 1758 quae
148 1677 233 1740 inter
275 1680 449 1760 utrumque
487 1677 618 1762 poetam
661 1675 847 1752 intercedit,
892 1674 973 1740 bene
1007 1674 1158 1762 exposuit

16 1780 226 1864 Vahlenusi)
255 1783 310 1865 qui
339 1782 418 1870 dicit
445 1781 591 1846 'Ennium
629 1781 657 1844 si
691 1803 764 1846 cum
798 1779 922 1846 Naevio
958 1781 1158 1846 convenisset

19 1887 131 1970 paucis
153 1885 327 1951 absolvisse
350 1909 431 1971 quae
445 1886 586 1952 Naevius
602 1887 785 1962 tractasset,
811 1885 978 1970 magisque
999 1908 1072 1951 eum
1089 1907 1158 1950 ver·

22 1991 88 2054 sari
119 1993 151 2056 in
182 1991 385 2057 deverticulis
420 1993 446 2054 si
478 1991 619 2056 Naevius
656 2013 709 2055 res
745 1990 910 2076 graviores
945 1991 1157 2076 occupatas)

22 2093 112 2175 Quin
135 2098 162 2162 si
184 2101 273 2164 recte
295 2097 478 2162 observavit
499 2095 710 2180 Vahlenus⁶),
734 2095 859 2160 Ennius
881 2095 1035 2172 Didonis,
1059 2117 1156 2179 quam

24 2203 172 2268 omittere
193 2203 239 2268 illi
261 2203 393 2279 licebat,
416 2202 537 2268 nullam
561 2203 690 2267 omnino
714 2201 908 2266 mentionem
931 2199 1018 2266 fecit.
1065 2197 1157 2280 Quas

25 2330 78 2372 ree
106 2310 132 2373 si
161 2309 402 2374 consideramus
429 2309 524 2372 nimis
550 2297 673 2373 'acriter
704 2305 821 2373 Cicero
857 2309 890 2371 in
923 2307 1065 2372 Ennium
1095 2306 1158 2372 hoc
1227 2349 1228 2362 ,

22 2411 94 2478 loco
118 2415 266 2479 invectus
296 2435 366 2479 esse
392 2397 530 2479 videtur.
577 2412 643 2478 Sed
668 2411 727 2478 uos
750 2435 879 2498 quoque
901 2413 1046 2498 aliquam*
1062 2411 1181 2477 habe·

25 2541 95 2583 mus
135 2542 280 2585 caussam
314 2541 371 2584 cur
399 2517 505 2583 Ennio
535 2541 792 2595 succenseamus,
832 2539 971 2603 namque
993 2517 1056 2583 rhic
1088 2507 1163 2604 ipse¹

23 2623 148 2687 Ennius
177 2624 230 2708 qui
259 2622 417 2690 Naevium
446 2626 531 2692 iuter
559 2624 690 2690 Faunos
722 2613 950 2706 numerabatl)
982 2624 1016 2687 in
1044 2623 1156 2709 primis

27 2725 168 2792 effecisse
188 2730 314 2794 videtur
328 2736 366 2796 ut
382 2724 495 2794 Naevii
509 2729 629 2795 bellum
652 2729 819 2816 paullatim
836 2727 988 2794 oblivioni
1010 2727 1155 2805 daretur3

24 2832 166 2898 Ennium
189 2836 269 2900 enim
293 2834 465 2900 censebant
481 2836 604 2920 posteri
623 2836 764 2922 primum
788 2853 828 2899 ex
850 2857 986 2899 amoeno
1001 2833 1157 2899 Helicone

27 2936 175 3005 detulisse
198 2942 329 3027 perenni
351 2940 465 3006 fronde
487 2943 675 3025 coronam⁸)
697 2943 731 3005 et
752 2939 878 3006 Ennius
900 2963 978 3026 epos
1000 2941 1157 3005 Latinum

30 3044 144 3127 primus
174 3045 272 3132 digne
302 3047 468 3132 scripsisse
490 3037 535 3110 'iis
565 3045 745 3140 videbatur.
758 3047 784 3130 9)
833 3041 948 3130 ltaque
984 3067 1071 3110 cum
1085 3044 1156 3130 ipso

96 3227 115 3285 ¹)
134 3224 168 3275 ol.
188 3223 260 3276 Serv.
279 3227 312 3276 111
331 3226 363 3276 V.
382 3225 448 3276 Aen.
471 3231 493 3286 l,
513 3229 571 3276 273.
599 3251 632 3262 -
658 3225 757 3286 ¹)an
775 3225 874 3274 elicitur
898 3239 932 3274 cx
950 3219 1031 3274 schol.
1050 3224 1111 3276 Ver.
1129 3224 1157 3276 iu

32 3309 89 3361 Aen.
108 3319 132 3374 2,
153 3314 212 3362 687.
232 3328 256 3377 p.
276 3317 309 3364 90
321 3314 355 3364 Κ,
370 3341 402 3350 -
416 3315 437 3376 ⁸)
457 3313 489 3364 cl.
509 3313 586 3363 Vahl.
605 3313 670 3362 Eun.
689 3327 715 3376 p.
735 3310 826 3362 5111.
846 3312 983 3362 Winlrelm.
1004 3328 1028 3377 p.
1049 3317 1155 3361 511.-

32 3397 51 3456 ⁴)
76 3399 104 3449 ci.
129 3401 207 3450 Vahl.
231 3401 295 3451 Eun.
325 3417 349 3466 p.
378 3404 418 3451 ⁵7.
450 3424 481 3437 -ι
512 3402 533 3463 ⁶)
559 3401 674 3450 Eandem
692 3401 817 3450 rationem
841 3416 881 3451 ex.
901 3417 937 3464 gr.
957 3401 1024 3450 iuter
1041 3399 1156 3456 Platonis

33 3483 195 3538 Menexenam
217 3498 243 3540 at
267 3489 373 3539 Periclis
397 3490 538 3538 orationem
563 3488 695 3538 funebrem
717 3489 846 3538 invenisse
868 3490 929 3538 mihi
953 3490 1050 3549 videor,
1078 3503 1156 3551 quum

34 3575 91 3624 euim
113 3575 234 3628 Socrates
257 3578 363 3626 eandem
388 3577 442 3626 iere
464 3591 517 3625 rem
540 3583 634 3625 tractat
656 3591 687 3626 ac
710 3575 839 3635 Pericles,
870 3591 936 3640 quae
960 3576 1004 3625 ille
1029 3576 1156 3639 exposuit,

33 3659 132 3714 brerilm
149 3665 259 3728 attingit,
277 3665 304 3714 in
322 3665 394 3715 locos
412 3680 474 3714 vero
492 3671 594 3729 apertos
613 3665 755 3715 orationem
773 3663 887 3714 effundit
907 3691 939 3700 -
959 3663 1070 3726 ⁸)Vahl.
1089 3664 1155 3713 Eun.

35 3757 163 3822 1121.-
181 3755 203 3814 1)
222 3753 291 3802 Num
309 3753 388 3802 verba
405 3767 507 3817 qnoque
525 3767 706 3815 nonnunquam
724 3752 830 3804 irriserit
847 3752 959 3813 Ennius,
977 3752 1003 3800 id
1022 3751 1090 3816 quod
1108 3752 1156 3800 riri

36 3835 93 3887 docti
110 3848 228 3901 censent,
252 3841 280 3888 iu
303 3841 388 3890 medio
406 3837 529 3903 relinquo.
567 3838 652 3899 Quum
676 3839 744 3889 euim
762 3839 828 3890 inter
847 3838 937 3890 Naevii
960 3838 1104 3906 fragmenta
1120 3840 1156 3890 11-

35 3935 112 3986 gamm
131 3929 217 3992 ,quod
240 3928 308 3976 bruci
327 3928 388 3977 11111
407 3941 495 3977 aurare
520 3923 631 3990 queunt“
651 3936 677 3976 et
698 3928 767 3992 apud
785 3928 896 3977 Ennium
920 3926 991 3992 „Nos
1016 3926 1156 3976 111111111-

37 4013 98 4062 rare“
116 4017 164 4065 hoc
182 4016 210 4065 in
228 4016 370 4066 irrisionem
387 4015 478 4068 Naevii
498 4015 593 4064 (lictum
613 4029 669 4065 esse
687 4015 842 4065 existimaui.
859 4029 896 4050 ’-
915 4016 937 4076 8)
957 4015 1031 4064 Luci.
1056 4021 1076 4074 i,
1098 3997 1155 4064 lte.

39 4097 98 4160 'ici
115 4104 233 4152 Diomsd.
252 4120 277 4170 p.
297 4108 349 4153 480
367 4103 396 4153 Ρ.
