2712 4630
712 205 827 264 ‘50

704 291 783 298 ...ω-ψ
805 289 912 298 ...υ-...ο-

241 412 301 454 nos
326 411 456 475 quoque
485 390 539 455 aiii
573 389 698 456 auctori
732 408 803 455 eam
842 388 984 456 fabulam
1021 389 1191 466 dabimus,
1229 391 1265 455 ni
1294 390 1347 456 for

241 494 387 582 pluribus
409 495 486 562 locis
509 493 595 560 idem
619 493 720 560 refert
741 493 867 560 Nouius
889 499 927 560 ut
951 495 1020 582 ipse
1049 496 1130 559 satis
1160 495 1311 582 locuples
1339 515 1347 560 ι

140 647 145 657 .
187 671 197 682 l
240 601 344 665 testis.
390 599 465 665 Hoc
486 600 587 686 igitur
610 621 710 684 quum
733 598 784 665 hic
807 600 904 665 semel
927 601 1173 687 exposuerimus,
1194 621 1233 664 nc
1266 609 1347 688 post

242 706 361 770 iterum
384 704 567 788 iterumque
589 705 631 768 ad
653 707 786 770 eandem
810 727 878 770 rem
905 706 1136 770 recurrendum
1165 703 1261 770 nobis
1297 727 1347 770 em

242 832 341 895 quum
365 809 507 894 singulus
531 808 655 874 fabulas
677 812 871 887 tractamus,
899 811 1050 874 nonnulla
1072 810 1206 875 dicenda
1227 811 1347 875 vident

241 913 486 997 deWelokeri1)
502 915 660 980 sententia
675 916 731 999 qui
746 937 848 1001 prope
862 916 1001 1002 negavit,
1018 914 1175 980 Naevium
1191 916 1347 1002 tragoedi

241 1019 406 1104 scripsisse
422 1019 575 1110 dicitque
585 1019 703 1100 nullius
718 1018 780 1084 loci
803 1041 837 1084 se
853 1020 1033 1084 meminisse
1049 1041 1113 1104 quo
1129 1041 1347 1086 commemora

240 1127 296 1188 tur
319 1122 434 1195 Naevii·
455 1125 653 1211 tragoediae.
698 1121 765 1188 Sed
787 1111 851 1188 duo
874 1125 976 1190 triave
997 1126 1182 1190 testimonia
1204 1125 1251 1190 de
1267 1125 1347 1190 Naar

240 1229 417 1314 tragoediis
431 1229 619 1318 loquuntur.
659 1227 811 1311 Gellium)
827 1223 911 1295 enim
927 1229 1105 1295 Hesionam
1126 1234 1237 1316 aperte
1253 1233 1347 1316 trago

240 1333 328 1398 diam
343 1334 456 1400 Naevii
472 1334 614 1423 adppllat
635 1335 669 1398 in
691 1355 871 1418 quamnem
887 1335 1003 1400 accivit
1017 1333 1172 1400 Hertzius
1188 1335 1277 1419 quod
1295 1357 1347 1421 apa

241 1439 452 1520 Varronem³)
474 1440 628 1515 Hesiona,
644 1441 827 1525 interrupto
843 1440 964 1515 ordine,
987 1440 1093 1526 primo
1108 1438 1179 1506 ioco
1195 1441 1347 1526 positast

241 1565 361 1629 quare
383 1543 517 1609 indicari
540 1549 649 1610 censet
668 1543 823 1608 Hertzins
846 1541 1022 1610 Hesionam
1045 1530 1144 1610 fuisse
1167 1547 1347 1632 tragoedias

241 1648 307 1714 Sed
322 1643 382 1712 nos
405 1648 448 1713 ad
469 1649 575 1736 ipsam
595 1649 773 1733 Hesionam
795 1643 940 1714 nostram
964 1650 1003 1714 de
1025 1648 1086 1714 hac
1106 1651 1301 1716 referemus
1316 1671 1347 1714 ss

239 1754 387 1828 tentiam,
411 1753 468 1818 ubi
490 1753 627 1820 lectores
649 1758 758 1820 totum
780 1749 940 1820 Varronis
962 1754 1068 1819 locum
1089 1755 1263 1843 invenient.
1312 1754 1347 1820 Nn

240 1858 344 1923 minus
360 1857 486 1924 Hector
508 1858 713 1946 proficiscens
735 1883 832 1945 quam
853 1860 1050 1926 comoediam
1073 1881 1137 1926 non
1158 1861 1205 1924 ita
1226 1859 1347 1924 effrena

240 1962 340 2054 faisse
371 1963 596 2049 Welckerus4)
627 1968 753 2042 censet,
785 1966 956 2051 tragoedia
983 1963 1056 2030 fuit.
1102 1963 1223 2029 Seneca
1233 1967 1259 2048 5)
1298 1965 1347 2029 enir

55 2077 63 2092 ⁹
115 2131 120 2136 .
238 2065 352 2134 Naevii
387 2069 484 2135 verba
517 2091 557 2135 ex
594 2070 739 2135 Hectore
776 2069 999 2156 proficiscente
1033 2068 1197 2147 adferens:
1245 2069 1347 2150 „Qua

145 2229 151 2239 .
239 2174 405 2260 tragicus,
435 2175 557 2260 iuquit,
588 2174 641 2237 ille
667 2173 755 2259 apud
777 2195 836 2236 nos
859 2173 906 2237 ait
933 2173 1139 2260 magnificum
1162 2196 1233 2238 esse
1245 2117 1347 2277 laudi

107 2304 110 2309 ·
239 2277 458 2343 alaudnto
428 2303 508 2354 vrro,
531 2278 627 2342 laude
649 2277 799 2363 digno
771 2280 849 2341 art.“
887 2277 995 2341 Acciri
1016 2279 1185 2362 denique
1176 2302 1209 2343 ιιι
1232 2284 1346 2344 nostru

238 2406 306 2448 rem
334 2388 446 2470 potest
468 2383 555 2467 quod
585 2382 701 2482 Equus
729 2382 890 2446 Troianus
921 2403 1018 2466 quam
1050 2383 1149 2448 solius
1171 2383 1289 2450 Naevii
1313 2393 1346 2552 eq

236 2490 433 2569 censemus⁶)
448 2509 513 2550 una
528 2509 601 2552 cum
616 2477 701 2552 Att·
666 2492 703 2552 tn
719 2485 799 2573 Clyt
785 2488 1005 2552 t'aemnestra
996 2509 1028 2550 ru
1044 2487 1245 2554 dedicatione
1260 2489 1332 2553 thea

199 2611 202 2616 ·
237 2593 375 2679 Pompei
397 2595 470 2656 acta
492 2596 558 2668 est,
583 2593 686 2668 unde,
710 2593 738 2657 si
759 2615 824 2658 non
847 2590 1065 2667 concluditur,
1089 2593 1248 2658 conicitur
1269 2599 1333 2658 tan

231 2693 311 2763 ‘cum
324 2696 430 2780 aliqua
446 2696 676 2782 probabilitate
704 2719 821 2782 equum
841 2697 1019 2763 Troianum
1038 2695 1138 2762 fuisse
1163 2613 1345 2784 tragoemd

240 2803 315 2868 Has
331 2823 382 2866 res
399 2802 478 2866 satis
495 2801 644 2867 demonst
646 2805 731 2877 rant,
747 2801 905 2868 Naevium
922 2803 1088 2888 scripsisse
1103 2803 1304 2888 tragoedias,
1320 2803 1344 2866 ni

180 2933 184 2940 ·
238 2906 426 2993 tragoediae
448 2907 642 2992 gravitatem
665 2907 814 2972 audimus
838 2928 878 2971 ex
900 2905 1091 2994 fragmentis
1106 2907 1237 2972 Danaes
1262 2913 1301 2973 et
1321 2867 1344 3012 it

238 3012 339 3098 curgi,
357 3031 553 3097 quaequam
567 3010 706 3098 plurima
720 3014 842 3087 extent,
860 3011 975 3077 mirum
989 3013 1116 3078 esset
1090 3035 1117 3076 s1
1133 3018 1240 3078 essent
1256 3013 1343 3079 comit

239 3139 344 3203 neque
365 3140 507 3203 unquam
531 3117 729 3182 comoediam
753 3120 914 3203 saperent.
960 3117 1028 3184 Nec
1054 3122 1163 3182 tamen
1187 3117 1343 3198 Welcken

239 3223 415 3308 quidquam
438 3221 562 3288 fecit'
537 3244 605 3287 sine
625 3223 750 3308 optima
765 3223 905 3299 ratione,
929 3223 1069 3307 itaque
1060 3246 1093 3288 ιιι
1115 3225 1228 3288 nostra
1251 3223 1343 3306 quoqt

239 3351 274 3393 re
296 3351 412 3394 caussa
440 3351 506 3392 non
535 3329 588 3391 est
610 3326 723 3412 procul
752 3349 810 3392 cur
839 3328 880 3393 de
902 3327 1014 3393 Naevii
1038 3326 1342 3413 tragoediis·dubita

238 3433 323 3500 Nam
346 3433 536 3520 plerumque
559 3435 715 3515 sequutus
738 3436 788 3498 est
806 3432 948 3498 Naevius
977 3430 1109 3507 Alexin,
1142 3436 1179 3496 ut
1202 3435 1342 3501 ostendat

238 3537 421 3604 fabularum
444 3536 575 3602 nomina
597 3557 678 3620 quas
701 3540 836 3623 uterque
858 3542 955 3624 poeta
976 3535 1123 3623 scripsit;
1152 3538 1243 3621 atqui
1266 3539 1341 3602 Alex

239 3645 357 3709 multas
380 3641 562 3708 comoedias
584 3641 716 3728 tragicis
738 3641 921 3708 nominibus
950 3642 1132 3728 inscripsit,
1163 3641 1265 3706 irrisit
1295 3642 1341 3720 eni

239 3747 424 3836 tragoedias
448 3745 582 3812 Graecia
604 3745 792 3810 iamdudum
821 3750 994 3832 spectatas.
1048 3746 1146 3812 Unde
1174 3749 1247 3831 quis
1278 3767 1340 3832 quu

238 3874 467 3938 nonuunquam
489 3838 579 3916 nulla
600 3849 667 3916 fere
689 3849 875 3936 fragmenta
903 3851 1199 3932 adsint-conicere
1221 3849 1340 3938 potueri

311 4014 330 4075 ιι
350 4027 374 4076 p.
398 4015 470 4063 ιιιι.
491 4037 525 4049 -
544 4011 566 4071 ²)
585 4011 616 4062 N.
635 4011 668 4060 Δ.
692 4015 731 4071 ιο,
751 4016 793 4061 as.
812 4037 848 4048 -
867 4012 888 4074 ³)
907 4012 992 4063 varro
1012 4014 1044 4062 de
1062 4012 1078 4062 ι.
1098 4013 1114 4062 ι.
1136 4014 1159 4073 ι,
1181 4017 1237 4063 ιοι.
1260 4041 1291 4050 -
1310 4013 1330 4065 ιι

241 4103 314 4152 1³72.
335 4127 367 4137 -
387 4101 409 4163 ⁶)
427 4099 508 4166 Epist
533 4099 574 4158 17,
593 4104 617 4148 2.
639 4124 669 4134 -
690 4099 711 4159 ⁰)
730 4098 762 4149 cf.
783 4100 851 4163 qnod
871 4101 983 4151 dicemus
1002 4115 1022 4150 s.
1041 4115 1065 4150 ιι.
1084 4100 1174 4165 Equus
1193 4101 1326 4152 'Proiamu
