2712 4630
790 215 832 278 68

236 405 305 470 lum
326 405 359 470 in
379 425 508 471 scenam
529 403 740 492 produxisset
761 405 871 492 gregis
892 404 1042 471 dominus
1059 429 1135 472 non
1151 405 1332 494 Antiphonte

237 511 292 596 qui
314 509 365 577 vel
385 531 525 598 persono
545 531 606 574 suo
628 509 730 574 maior
752 511 832 574 erat.
877 508 931 574 Ad
958 509 1044 576 huuc
1075 513 1188 599 igitur
1211 511 1332 596 Astyars

99 623 103 627 '
236 618 302 681 tem
339 613 484 700 loquitur
514 613 744 679 Andromache
775 614 875 680 verba
906 615 962 680 illo
993 639 1013 680 o
1044 614 1174 683 Servio
1216 616 1327 681 tradita

234 719 323 788 Huic
345 720 522 786 sententiae
543 741 608 794 non
630 719 742 785 obstet
763 719 852 805 qnod
870 719 1095 806 Lodewicue²)
1118 717 1332 819 ¹contendit,ll

234 826 280 891 nii
301 823 562 891 Andromacham
584 823 863 891 Aechmalotidem
886 847 956 891 esse
977 826 1186 913 appellatam
1210 828 1249 891 ut
1270 823 1332 889 ella

235 931 332 998 usne
354 931 599 1008 discerneretur,
623 933 695 996 tum
718 930 802 995 enim
825 950 981 1014 quaerere
1001 931 1079 997 lieet
1105 953 1127 996 a
1151 931 1247 998 cuius
1271 931 1332 1015 poet

231 1035 377 1102 Hectore
406 1035 595 1101 distinxerit
616 1033 758 1118 Naevius
780 1034 1037 1126 proficiscentem
1069 1035 1262 1102 Hectorem
1285 1037 1332 1116 alp

233 1141 342 1226 ipsum
375 1139 455 1204 illud
489 1140 683 1206 adiectivum
714 1159 866 1225 graecum
897 1141 976 1221 estis
998 1140 1188 1227 signifieat,
1225 1135 1332 1206 ortuni

234 1261 303 1310 esse
334 1243 376 1311 ab
404 1243 590 1311 hominibus
619 1245 675 1330 qui
701 1243 742 1310 de
763 1241 878 1310 Naevii
896 1243 1138 1313 Andromache
1170 1267 1238 1312 non
1265 1241 1332 1328 cogit

211 1350 355 1433 sunto.

425 1578 454 1598 ,
488 1510 661 1588 vm.
705 1467 1110 1620 APPELLA.

305 1629 337 1685 ci.
357 1631 481 1682 Ribbeck.
501 1645 568 1683 com.
586 1631 633 1684 rel.
653 1645 679 1693 p.
702 1634 726 1684 7.
799 1676 804 1683 ,

317 1732 486 1820 Appellae,
509 1733 556 1798 sic
577 1733 663 1800 enim
686 1731 831 1800 scribunt
852 1732 936 1812 libri,
959 1757 1024 1802 non
1038 1735 1194 1822 Apelles,
1218 1730 1332 1814 duoirn

230 1840 339 1906 menta
360 1840 474 1904 extant
501 1838 591 1926 apud
611 1837 814 1905 Priscianum
829 1836 857 1926 ⁴)
888 1860 1026 1924 quorum
1056 1842 1154 1927 prius
1187 1831 1332 1906 omissofs

229 1942 325 2009 bulte
358 1943 490 2010 nomine
522 1945 643 2010 citatur
676 1945 776 2010 etiam
799 1943 842 2008 in
869 1944 952 2011 thes.
982 1967 1056 2013 nov.
1079 1946 1163 2011 Lat.
1187 1946 1222 2010 iu
1244 1935 1332 2008 alli

229 2035 314 2116 auct.
331 2049 423 2116 cluss.
436 2048 533 2126 VlIl',
555 2056 633 2128 1333
657 2049 691 2114 in
711 2069 840 2114 scenam
862 2048 977 2134 uliquis
998 2050 1200 2138 producitur
1221 2037 1332 2126 ouiotll

135 2225 137 2234 ,
189 2221 192 2228 ,
228 2154 395 2242 profluunt
417 2155 514 2242 cepis.

315 2261 495 2347 lgnoretur
517 2258 595 2343 quid
616 2261 745 2325 nomine
766 2259 862 2327 huius
883 2260 1012 2328 fabulae
1040 2261 1256 2348 significetur,
1282 2273 1312 2338 qt

227 2366 312 2431 enim
340 2364 481 2450 explicat
509 2362 614 2429 Lobb.
641 2365 741 2451 gloss.
763 2369 797 2430 et
828 2365 926 2432 schol.
950 2359 1011 2432 ret
1041 2367 1074 2431 in
1103 2367 1193 2432 Hor.
1218 2360 1331 2431 Satist

227 2475 258 2546 3,
283 2476 357 2546 100,
385 2467 558 2556 Appellsm
593 2489 663 2534 csse
685 2466 898 2553 λειπόδερμον,
922 2471 1035 2537 eredat
1055 2471 1203 2537 Iudaeus
1223 2457 1331 2552 Appula

209 2679 337 2745 ludaei
359 2701 478 2746 nomen
500 2678 697 2765 explicetur;
721 2678 800 2744 hoec
823 2681 907 2745 enim
929 2704 995 2746 vox
1016 2703 1076 2746 neo
1091 2679 1226 2747 Graece
1246 2667 1331 2742 esinll

223 2786 353 2852 Latina.
397 2783 561 2868 Equidem
590 2805 715 2860 censeo,
735 2781 927 2871 ¹Appellum'
945 2785 1023 2850 nihil
1053 2785 1142 2852 eliud
1171 2805 1242 2851 esse
1269 2789 1330 2862 qnsu

223 2889 362 2954 formam
386 2887 619 2952 deminutivum
637 2888 678 2953 ob
694 2888 846 2973 Appulus
862 2888 1050 2966 derivatam,
1071 2890 1170 2954 simili
1185 2887 1253 2956 fere
1266 2875 1330 2946 noll

93 3057 95 3063 ,
224 3015 289 3080 quo
310 2991 432 3060 tubello
458 3014 478 3055 s
499 2990 626 3070 tabula,
663 2988 781 3057 ocellus
814 2992 855 3059 ab
887 2992 1016 3080 oenus,
1036 2992 1210 3061 formetur.
1253 2987 1330 3065 Ailll

222 3099 382 3168 Naevium
416 3096 574 3164 eiusmodi
606 3097 805 3164 deminutivo
838 3099 965 3185 saepius
1004 3121 1181 3186 usurpasse
1222 3073 1330 3191 ostendii

168 3295 172 3304 ,
222 3203 411 3270 Tarentilla.
459 3201 584 3291 Appuli
607 3203 718 3270 stolidi
740 3203 925 3291 stupidique
946 3205 1035 3291 apud
1056 3205 1224 3270 Romanos
1257 3189 1329 3262 audis

221 3307 312 3387 baut,
334 3311 372 3382 ut
393 3309 510 3375 vitium
531 3312 617 3376 esset
637 3310 667 3374 si
689 3309 761 3395 quis
783 3313 854 3376 erat
875 3313 971 3374 notus
992 3310 1026 3373 in
1047 3309 1228 3397 Appulislt

307 3485 326 3546 ¹)
344 3483 501 3535 Ribbeckios
518 3491 586 3553 trag.
603 3487 649 3540 rel.
673 3501 699 3549 p.
720 3491 770 3538 247
799 3488 961 3552 reprehendit
990 3487 1190 3538 Klossmsuunm
1221 3479 1284 3548 quod
1305 3467 1329 3520 ffll

221 3571 417 3637 Astydamantis
440 3571 581 3646 Hectorem
603 3574 736 3626 aNaevio
761 3587 908 3636 expressum
933 3589 988 3624 esse
1007 3581 1125 3636 censeat,
1150 3586 1228 3639 qnnm
1245 3525 1329 3626 Atii&

220 3659 314 3711 manda
331 3659 469 3726 Astyanax
486 3661 571 3714 iulans
589 3661 667 3712 fuerit
682 3677 731 3712 nec
748 3662 903 3712 intellexerit
919 3667 1057 3726 praecepto
1075 3660 1161 3725 qualia
1178 3660 1221 3709 hic
1238 3647 1328 3713 „cipis

219 3747 349 3810 Proponit
365 3748 442 3813 igitur
461 3756 490 3798 ut
507 3751 540 3799 de
556 3748 686 3800 Anchiale
705 3751 853 3813 cogitemus.
890 3747 943 3798 Sed
966 3749 1053 3799 omnia
1075 3748 1154 3813 plens
1176 3752 1235 3798 sunt
1259 3733 1328 3790 sifi*

219 3836 297 3886 niano
315 3836 468 3901 Astyanacti
486 3837 551 3888 heac
569 3837 696 3889 dicuntur.
713 3861 749 3872 -
769 3834 790 3896 ²)
807 3836 858 3886 An.
879 3835 921 3886 Sc.
940 3851 967 3900 p.
986 3841 1011 3889 5.
1031 3861 1064 3872 -
1082 3837 1104 3899 ⁸)
1121 3832 1271 3887 Ritsohelius
1289 3821 1328 3872 1²⁸¹*

115 3963 118 3970 .
218 3938 246 3988 p.
258 3927 306 3972 lto
319 3923 381 3973 dicit
392 3938 556 3975 nonnecesse
569 3922 654 3984 fusse,
667 3923 831 3985 cognomines
843 3922 998 3988 diversorum
1009 3931 1142 3990 poetarum
1151 3919 1250 3974 tabulas
1259 3903 1328 3974 ,rut

219 4009 364 4078 nominibus
382 4025 428 4061 seu
446 4011 557 4064 numeris
583 4009 702 4072 distingui
725 4009 769 4059 sed
794 4010 822 4059 id
846 4025 949 4060 necesse
973 4010 1052 4062 inisse
1074 4013 1100 4061 in
1124 4010 1235 4062 eiusdem
1259 3993 1328 4062 imm

218 4096 312 4150 sessus
331 4097 574 4164 cognosceretne-
593 4097 616 4158 ⁴)
634 4107 659 4158 p.
679 4099 730 4147 sos
749 4095 784 4150 u.
805 4123 836 4136 -
857 4079 881 4160 η’
898 4098 931 4151 er.
950 4097 1034 4152 risus.
1053 4099 1110 4152 mr.
1129 4097 1201 4151 olor.
1220 4099 1244 4154 o,
1258 4093 1283 4146 r,
1299 4079 1327 4128 ⁶2
