2734 4610
552 177 593 236 47

11 367 115 432 iadis
141 363 383 434 recensionibus
405 364 529 429 Romae
550 364 642 430 lectis
664 365 813 428 audimus
835 385 894 428 nec
909 365 1038 430 omnino
1055 366 1144 450 quid-

11 495 100 538 uam
125 471 169 547 de
192 467 317 560 Cypria
339 469 446 554 aliqua
467 470 651 535 recensione
673 467 788 534 notum
811 473 861 534 est
890 472 924 534 et
953 473 1040 534 certe
1067 470 1144 535 llias

11 600 31 642 ι
56 576 254 640 recensione
283 573 409 661 Cypria
434 597 598 658 nunquam
621 579 738 639 vocata
764 578 849 639 esset
873 573 999 662 Cypria
1020 575 1143 658 llias¹t

90 681 274 746 Videamus
296 679 398 766 igitur
420 679 689 744 nummulorum
714 679 857 766 Cypriae
880 681 1074 745 mentionem
1097 704 1144 744 re-

11 809 137 852 rovere
169 786 348 872 possimus3
379 788 476 870 atque
507 783 656 850 facillime
684 786 812 869 quidem
841 784 919 879 hoc)
937 785 1007 850 fieri
1033 791 1143 872 potest

11 891 243 978 implicissimo
265 890 423 966 remedio,
447 911 510 973 quo
534 892 643 954 tamen
665 913 775 970 ornnes
798 890 947 960 adhunc
969 891 1053 955 diem
1076 913 1144 957 nes-

12 998 49 1062 io
86 1019 154 1080 qua
183 1019 217 1062 re
246 995 393 1061 deterriti
420 994 655 1062 abstinuerunt.
707 995 889 1060 Reiciamus
920 997 1004 1061 enim
1031 1017 1143 1062 vocem

10 1101 154 1189 lypriae
175 1124 231 1166 seu
253 1101 286 1166 iu
309 1101 485 1184 marginem
509 1121 565 1165 seu
587 1101 671 1165 inter
693 1101 792 1166 lineas
821 1103 987 1186 tamquam
1021 1101 1144 1165 addita-

10 1212 155 1272 neutum
170 1230 190 1271 a
204 1207 416 1293 grammatico
438 1206 550 1270 sedulo
565 1195 769 1300 adpositum,
784 1207 821 1270 ut
841 1205 921 1270 haec
938 1206 1006 1275 fere
1029 1206 1144 1273 evadat

10 1313 146 1398 ¹rristina
168 1316 278 1376 textus
300 1311 406 1376 forma
429 1312 516 1396 apud
540 1309 722 1376 Charisium
741 1334 777 1396 p.
804 1317 865 1375 145
888 1309 940 1374 Kx

118 1456 160 1466 -
187 1455 226 1464 -
252 1455 291 1466 -
315 1414 477 1495 „Naevius
499 1417 610 1480 Iliadis
632 1417 715 1481 libro
738 1418 774 1480 l:

494 1505 649 1607 'Cypriae

117 1627 249 1693 Collum
271 1647 487 1694 marmoreum
506 1630 644 1710 torques
666 1630 830 1711 gemmata
852 1629 1021 1692 coronat.“

95 1731 185 1800 Cum
206 1754 271 1818 quo
292 1733 362 1798 loco
386 1731 519 1812 mutatis
543 1735 717 1809 mutandis,
740 1735 817 1798 sunt
838 1733 1056 1798 enimomnes
1077 1729 1146 1796 fere

10 1840 171 1904 rersiones
186 1833 407 1902 Romanorum
423 1838 614 1913 liberrimae,
637 1838 746 1902 confer
765 1838 804 1902 ll.
824 1845 874 1913 14,
893 1846 955 1902 223
979 1838 1035 1903 ubi
1056 1837 1145 1905 duno
1176 1857 1178 1862 ’

10 1945 113 2008 nduit
135 1947 250 2030 pectus
265 1943 401 2030 Veneris
416 1947 576 2027 torquem,
601 1942 770 2007 admonuit
791 1943 892 2028 igitur
914 1943 1145 2032 grammaticus

10 2049 96 2114 ‚llum
121 2054 272 2135 torquem
302 2047 443 2136 Cypriae
476 2048 607 2138 fuisse
638 2046 788 2112 Alterum
817 2046 923 2112 locum
947 2069 1042 2131 quem
1065 2047 1145 2112 citat

9 2155 195 2220 Priscianus
219 2153 332 2240 delego
356 2154 397 2218 ad
419 2153 457 2220 ll.
479 2161 509 2230 3,
532 2160 596 2218 447
621 2153 677 2220 ubi
692 2153 792 2234 ‘Paris
812 2153 970 2218 Helenam
993 2153 1025 2227 in
1046 2151 1146 2216 thala

9 2282 98 2323 mum
127 2259 227 2324 ducit.
279 2259 513 2346 Fragmentum
544 2257 585 2322 ab
615 2257 776 2345 Appuleio
806 2261 864 2322 aut
894 2260 1058 2322 servatum
1087 2257 1146 2321 aut

9 2367 232 2452 excogitatum
254 2366 317 2429 iam
339 2363 479 2454 Ursinus
503 2367 536 2428 et
553 2363 705 2430 Osannus
727 2364 934 2430 contulerunt
956 2386 1028 2429 cum
1044 2362 1089 2427 ll.
1114 2369 1145 2440 8,

9 2477 26 2534 2
56 2471 114 2535 ubi
151 2470 284 2564 Jupiter
316 2470 451 2534 deorum
488 2470 657 2535 concilium
691 2470 733 2533 ad
767 2456 946 2556 Olympum
979 2470 1145 2535 convocat.

9 2575 246 2662 Fragmentum
261 2576 399 2659 denique
412 2576 492 2640 illud
514 2575 682 2664 „Exuriae
697 2574 803 2639 rabies
818 2574 976 2638 furiarum
999 2575 1147 2638 examina

9 2682 121 2746 mille“
156 2703 342 2766 quocunque
374 2681 445 2746 loco
479 2680 553 2746 belli
589 2681 716 2745 labores
751 2683 809 2743 aut
840 2701 968 2765 pugnae
986 2676 1147 2763 ‚pericula

9 2785 240 2854 describuntur
267 2787 369 2858 inseri,
392 2791 511 2872 potest.
564 2786 612 2851 At
639 2785 718 2850 haec
740 2785 923 2872 fragmenta
950 2806 1024 2849 cum
1045 2781 1147 2847 Iliade

9 2891 274 2978 comparantibus
306 2890 400 2956 nobis
431 2891 604 2956 mutandus
635 2894 706 2956 erat
734 2897 872 2976 uterque
901 2910 1053 2954 numerus
1082 2910 1146 2973 quo

9 2995 91 3064 liber
105 2998 317 3063 indicebatur.
363 2995 456 3091 Quae
472 3019 524 3062 res
546 2997 647 3062 sicui
669 2998 750 3062 mira
764 2997 902 3073 videtur,
926 2995 981 3081 qui
1003 2993 1148 3061 meminit

9 3125 74 3186 qua
97 3103 253 3190 religione
275 3103 308 3166 in
331 3102 541 3170 describendo
571 3103 654 3168 bello
676 3101 801 3167 Punico
825 3123 977 3165 numeros
1001 3121 1020 3164 a
1042 3121 1147 3185 gram·

11 3210 140 3272 matiois
172 3209 288 3274 allatos
317 3210 562 3285 retinuerimus,
598 3231 697 3292 quum
727 3206 781 3272 hic
810 3228 921 3272 eorum
949 3204 1070 3268 nullam
1099 3227 1148 3270 ra·

12 3314 134 3380 tionem
163 3313 354 3392 habeamus,
393 3337 434 3379 ne
472 3315 517 3380 sio
553 3314 682 3399 quidem
715 3311 885 3377 descivisse
916 3310 1009 3376 nobis
1040 3333 1059 3374 a
1095 3307 1156 3376 viar

11 3420 172 3484 videmur.
216 3419 304 3484 Bene
327 3421 410 3484 enim
435 3443 534 3504 quum
558 3419 744 3484 dicebamus
767 3418 807 3483 de
829 3416 914 3483 bello
929 3415 1053 3504 Runico
1074 3416 1148 3482 scie

12 3524 128 3589 bamus
150 3545 247 3610 quam
275 3526 367 3611 parvi
397 3525 443 3589 illi
473 3525 597 3589 numeri
620 3523 811 3590 aestimandi
834 3523 915 3598 sint,
948 3522 1004 3588 sed
1024 3523 1069 3587 ibi
1091 3526 1148 3587 aut

11 3632 122 3694 omnia
145 3629 424 3696 confundebantur
455 3636 512 3696 aut
539 3630 951 3714 numerorumflauctoritas
981 3627 1149 3692 retinenda

12 3739 101 3811 erat,
136 3735 188 3800 hic
210 3751 287 3800 vero
309 3737 381 3823 ipsa
402 3737 478 3801 Ilias
506 3736 625 3800 certius
647 3757 707 3798 nos
729 3735 820 3799 ducit
843 3756 940 3819 quam
969 3734 1094 3799 numeri
1116 3735 1148 3798 in

13 3839 103 3904 libris
126 3841 247 3907 servati
268 3862 417 3925 quorum.
429 3841 469 3906 de
491 3839 593 3905 altero
616 3861 656 3904 ne
679 3843 808 3922 constat
830 3839 959 3926 quidem
981 3862 1043 3905 res.

85 4019 106 4078 ¹)
126 4017 202 4094 ond
214 4019 327 4092 Klussm.
341 4021 373 4071 de
386 4019 482 4086 Cypria
494 4020 510 4068 ἱ.
523 4033 545 4070 e.
558 4019 627 4068 bona
639 4017 720 4068 Iliade
733 4019 795 4068 dicit
806 3987 953 4068 batiolam.

464 4228 729 4240 —nmun--h-——n———n
