2734 4610
748 179 768 239 8

653 263 865 276 α-α-υ-υ

191 313 276 436 sales
298 389 375 435 vero
398 389 480 454 quos
502 367 563 439 hic.
577 363 703 434 Gellius
724 367 870 432 nominat
896 384 961 433 nou
988 367 1065 432 suot
1087 366 1161 430 anni
1187 369 1256 430 523
1282 343 1342 434 secl

191 494 266 538 anm
285 481 410 644 tibba
431 580 605 662 utrumque
621 599 699 642 vero
720 574 827 642 locum
849 577 975 662 pugnat
997 575 1085 660 quod
1108 575 1189 640 dicit
1210 572 1339 656 Diony·

192 684 258 748 slus
283 680 400 768 Hal:¹)
431 677 653 745 ὑπατευόντων
676 678 815 766 Μάρκου
836 681 1031 762 Πομπωνίου
1059 681 1109 743 καὶ
1134 680 1239 742 Γαίου
1264 679 1338 740 Πα-

191 789 304 870 πυριόυ
326 791 450 871 πρῶτος
472 783 628 849 ἀπολῦσαι
651 785 767 868 λέγεται
788 783 846 866 τὴν
869 780 981 847 ἑαυτοῦ
1012 793 1140 866 γυναῖκα
1172 779 1339 864 Σπούριος

191 894 407 970 Καρουΐλλιος.
455 888 606 978 Generali
632 910 767 956 numero
797 889 929 954 eandem
952 909 1020 952 rem
1043 888 1156 953 definit
1180 885 1337 952 Valerius

71 1073 75 1086 ὓ
191 994 358 1060 Maximus
369 997 395 1076 8)
416 1015 516 1078 quum
533 996 612 1060 dicit
633 995 756 1060 nullum
777 993 900 1058 Romae
922 993 1098 1058 divortium
1120 992 1252 1056 factum
1271 1006 1337 1054 csse

192 1119 296 1181 usque
320 1098 361 1160 ad
384 1119 503 1162 annum
531 1100 717 1164 vicesimum
744 1101 777 1162 et
806 1098 1107 1183 quingentesimum.
1160 1093 1345 1186 Plutarclu'l

190 1201 271 1267 liber
293 1204 403 1266 eutem
426 1204 481 1287 qui
503 1204 689 1270 inscribitur
712 1200 829 1287 Comp.
850 1202 930 1287 Lyc.
955 1207 989 1266 et
1010 1201 1108 1266 Num.
1138 1202 1209 1266 sine
1236 1199 1345 1264 dubio

190 1307 297 1391 capite
318 1308 417 1371 tertio
441 1310 592 1374 mendum
615 1307 776 1373 contraxit
806 1325 906 1390 quum
929 1325 1047 1370 annum
1071 1307 1333 1370 ducentesimum

75 1486 78 1494 Ι
190 1410 388 1476 tricesimum
410 1415 487 1498 post
509 1415 646 1478 Romam
669 1411 832 1476 conditam
854 1409 1013 1476 exhibeat.
1226 1431 1227 1436 ¹
1345 1414 1346 1450 l

278 1514 329 1581 Ut
358 1518 459 1603 igitur
489 1539 574 1582 nunc
603 1517 743 1580 incertos
769 1515 841 1579 illos
869 1536 1021 1580 numeros
1051 1515 1249 1581 omittamus
1288 1537 1333 1580 res

189 1620 283 1686 nobis
309 1623 359 1686 est
382 1624 510 1687 tantum
533 1644 606 1686 cum
629 1620 757 1684 duobus
779 1617 876 1685 Gellii
897 1619 976 1684 locis
999 1621 1033 1684 et
1059 1642 1132 1684 cum
1156 1619 1331 1708 Dionysio.

192 1725 297 1810 Atqui
326 1724 485 1808 Gelliusl)
515 1727 588 1791 sine
621 1724 720 1790 dubio
752 1723 852 1789 refert
889 1724 976 1808 quod
1005 1721 1136 1790 Servius
1165 1725 1331 1812 Sulpicius

192 1831 226 1894 in
252 1831 336 1896 libro
365 1831 406 1896 de
433 1829 564 1895 dotibus
595 1831 768 1894 memoriae
790 1829 986 1906 tradiderat,
1017 1830 1074 1914 qui
1095 1832 1123 1894 si
1144 1850 1230 1895 anno
1257 1838 1329 1896 523.

194 1935 244 2001 Μ.
267 1936 405 2000 Atilium
433 1938 467 1999 et
496 1934 535 2000 Ρ.
565 1935 730 2001 Valerium
759 1935 904 1999 consules
931 1934 1031 1999 fuisse
1057 1940 1185 2012 narrat,
1220 1937 1348 2030 nescio¹

192 2040 356 2124 quomodo
377 2039 501 2104 facilius
523 2061 591 2104 rem
615 2040 775 2103 solvamus
798 2061 895 2123 quem
911 2040 938 2104 si
953 2041 1129 2106 statuimus
1146 2039 1329 2127 Sulpicium

191 2146 286 2209 aliam
302 2147 487 2232 temporum
508 2145 666 2209 rationem
683 2147 856 2227 sequutum
878 2165 948 2210 esse
969 2167 1007 2210 sc
1021 2146 1203 2210 Varronem
1226 2167 1330 2230 quum

190 2249 261 2314 illos
289 2251 434 2316 consules
461 2251 516 2336 qui
546 2253 623 2314 sunt
652 2250 727 2322 anni
755 2253 818 2314 52⁷
846 2269 864 2314 e
893 2250 1050 2316 Varronis
1087 2251 1349 2336 computatione¹

190 2377 274 2420 anno
298 2359 360 2420 523
384 2355 518 2420 tribuat.
565 2353 651 2420 Cum
673 2353 822 2420 Diodoro
849 2354 951 2445 igitur
978 2355 1125 2437 sequitur
1151 2353 1330 2440 Polybium

190 2460 246 2544 qui
268 2457 322 2525 Ol.
342 2466 373 2536 ⁷,
399 2467 418 2525 2
441 2461 579 2525 Romam
600 2460 763 2526 conditam
786 2479 856 2526 esse
877 2459 1002 2522 statuit.

278 2563 427 2649 Namque
449 2564 527 2629 baec
549 2565 634 2629 ratio
657 2569 708 2630 est
730 2567 818 2631 certe
839 2561 965 2627 facilior
985 2583 1083 2647 quam
1106 2585 1146 2627 ex
1168 2583 1233 2648 que
1254 2585 1331 2629 con-

141 2727 143 2731 .
190 2668 296 2733 sulum
312 2673 442 2734 nomina
455 2669 519 2734 buc
534 2670 701 2756 irrepsisse
716 2672 854 2746 censent,
879 2667 967 2753 quod
987 2669 1150 2754 quomodo
1173 2669 1329 2733 accidisse

190 2777 338 2838 metuant
359 2775 415 2838 vix
436 2795 600 2858 assequor.

271 2876 456 2964 Dionysius
491 2901 568 2944 vero
599 2898 698 2962 quum
733 2867 847 2964 legerit
881 2896 965 2942 anno
1000 2882 1063 2943 523
1100 2877 1224 2942 factum
1257 2899 1327 2943 esse

190 2983 365 3048 divortium
394 2984 631 3048 inconsiderate
658 3004 770 3046 eorum
805 2980 972 3046 consulum
1008 2983 1139 3047 nomina
1173 2984 1326 3070 adposuit

190 3089 245 3172 qui
266 3088 408 3156 infestis
424 3085 644 3154 consularibus
666 3085 712 3149 illi
734 3107 817 3151 anno
833 3087 987 3173 adscripti
1002 3090 1103 3164 erent,
1128 3109 1324 3174 quamquam

189 3191 378 3280 plerumque
401 3194 495 3258 aliam
518 3192 675 3256 rationem
696 3194 796 3256 tenet.
873 3195 883 3222 ⁸

278 3295 372 3378 Quae
394 3299 578 3362 coniectura
596 3295 829 3382 'qualiscunque
851 3301 901 3362 est
931 3297 958 3361 si
986 3297 1037 3362 cui
1065 3296 1235 3382 placuerit,
1270 3295 1323 3361 hs-

189 3401 279 3468 bebit
310 3404 337 3467 is
368 3421 493 3468 mecum
521 3401 586 3465 duo
617 3402 744 3465 tantum
773 3403 959 3467 testimonia
987 3423 1127 3486 quorum
1153 3404 1220 3466 utri
1243 3402 1322 3466 fides

188 3507 336 3572 habenda
368 3507 411 3572 sit
444 3505 586 3572 dubitari
615 3507 728 3590 possit.
782 3503 906 3573 Gellius
937 3507 1022 3571 enim
1045 3528 1163 3571 annum
1194 3511 1256 3570 519
1279 3507 1321 3570 in-

188 3611 314 3698 tellegit
341 3628 405 3696 quo
442 3614 536 3676 erant
571 3611 718 3675 consules
748 3601 795 3675 Τ.
818 3611 961 3676 Manlius
992 3610 1180 3695 Torquatus
1214 3613 1249 3674 et
1278 3607 1318 3676 G.

187 3715 527 3794 AtiliusBulbus113
556 3713 717 3803 Sulpicius
739 3738 817 3782 vero
840 3737 958 3782 aunum
990 3722 1053 3782 527
1084 3737 1149 3800 quo
1177 3715 1318 3779 consules
1348 3719 1349 3722 ’

187 3820 287 3887 fuisse
310 3825 438 3888 constat
459 3821 499 3889 P.
515 3821 683 3889 Valerium
698 3819 852 3886 Flaccum
876 3825 909 3887 et
931 3821 981 3887 Μ.
997 3820 1135 3885 Atilium
1149 3819 1316 3908 Regulum.

260 4052 281 4114 ¹)
299 4053 359 4104 Aut
378 4052 452 4106 Rom.
473 4059 497 4114 9,
517 4057 558 4102 25.
577 4081 613 4094 -
631 4052 653 4114 ¹)
671 4049 730 4100 Vol.
748 4052 820 4102 Max.
841 4056 866 4110 2,
888 4055 910 4111 1,
930 4057 953 4100 4.
973 4075 1008 4088 -
1027 4049 1049 4110 ⁸)
1069 4047 1135 4100 Geli.
1152 4045 1181 4098 u.
1200 4049 1233 4099 Δ.
1252 4053 1275 4108 4,
1292 4052 1313 4098 t.
