2734 4610
666 187 874 283 „3⁶-

292 376 404 460 Quum
435 378 514 444 satis
542 375 607 442 iam
629 374 682 462 *de
710 374 961 460 compositione,
992 377 1205 460 argumento,
1232 375 1349 440 indole

204 481 279 549 belli
300 482 415 548 Punici
438 483 557 548 dixisse
578 480 673 548 nobis
695 480 862 546 videamur
881 479 1139 566 transgredimur
1161 477 1349 565 ad'postre

206 611 296 654 mum
318 588 414 653 buius
437 587 633 674 quaestionis
653 585 770 660 locum,
792 607 857 668 quo
872 586 981 652 sedem
995 585 1228 652 constituemus
1245 606 1349 669 quam

203 693 318 768 Naevii
340 715 468 760 carmen
490 693 523 758 in
544 691 646 757 literis
668 690 822 756 Romanis
845 691 996 758 tenuerit.

293 799 404 884 Atque
436 821 456 864 a
484 797 590 866 Livio.
610 797 740 882 quidem
769 796 957 862 Andronico
987 795 1146 862 Naevium
1174 796 1217 860 ad
1247 819 1349 861 suum

204 925 287 992 opus
318 902 565 989 conponendum
595 901 757 990 inpulsum
785 923 855 966 esse
884 905 916 966 et
946 904 1131 987 temporum
1158 901 1287 966 ratione
1313 907 1349 966 et

205 1012 278 1076 toto
302 1010 408 1095 poesis
431 1021 548 1094 genere·
571 1007 718 1094 adparet.
762 1005 920 1072 Attamen
941 1011 1070 1093 praeter
1092 1006 1178 1072 hunc
1199 1007 1348 1093 primum

205 1117 329 1180 motum
348 1112 489 1180 Naevius
511 1113 589 1178 nihil
611 1112 679 1178 fere
693 1111 789 1178 Livio
809 1110 926 1176 debere
941 1111 1079 1190 videtur,
1095 1134 1194 1198 quum
1209 1115 1346 1178 omnino

104 1303 116 1316 .
203 1220 298 1286 aliam
313 1242 382 1284 rem
398 1223 495 1305 atque
506 1219 619 1286 Livius
634 1217 793 1283 tractarit.
816 1216 875 1281 Ille
890 1218 973 1282 enim
987 1216 1188 1284 Graecorum
1202 1217 1347 1304 vestigia

203 1325 381 1413 premebat,
396 1324 538 1392 Naevius
553 1344 630 1390 vero
645 1323 769 1409 primus
784 1321 929 1388 condidit
944 1344 1023 1409 epos
1038 1345 1113 1390 vere
1127 1323 1345 1404 Romanum)

204 1433 292 1516 qnod
310 1454 409 1516 quum
433 1431 594 1516 Bergkius
616 1430 753 1514 propter
774 1427 905 1492 nimiam
927 1428 1102 1494 ruditatem
1118 1430 1344 1516 postposuerit

203 1536 290 1602 Livii
307 1534 485 1622 Odysseae,
508 1535 571 1600 hoo
587 1532 799 1619 opprobrium
822 1533 950 1620 egregie
972 1531 1342 1617 refutavitflertzius2).

161 1673 164 1692 ·
203 1639 443 1718 Animadvertit
472 1640 555 1704 enim
585 1639 636 1703 vir
659 1637 880 1714 doctissimus,
908 1638 988 1704 illud
1008 1639 1239 1726 fragmentum.

292 1742 462 1828 „Namque
484 1743 607 1809 nullum
630 1745 722 1830 peius
744 1733 886 1810 macerat
907 1733 1101 1810 homonem“
1124 1743 1218 1828 quod·
1239 1743 1349 1830 Berg,

202 1849 275 1914 liius
291 1848 420 1914 Naevio
433 1849 595 1916 tribuerat
617 1849 822 1938 ligneumque
844 1852 1025 1927 vocaverat,
1048 1873 1113 1924 non
1136 1871 1205 1914 esse
1225 1848 1349 1920 Naeuii¹

204 1953 261 2018 sed
283 1954 396 2046 Livii,¹
417 1957 456 2018 ut
478 1957 609 2021 omnino
632 1955 796 2021 relabatur
824 1959 896 2022 tota
923 1957 1120 2042 vituperatio
1150 1955 1177 2020 si
1208 1955 1341 2038 quiden

204 2059 276 2143 quis
297 2062 433 2147 propter
456 2061 614 2128 eiusmodi
636 2062 787 2125 minutias
810 2059 1002 2124 alterutrum
1023 2065 1153 2147 poetam
1177 2064 1233 2154 ant
1249 2081 1349 2152 praep

202 2187 323 2251 ponere
345 2171 402 2231 aut
425 2167 620 2254 posthabere
652 2168 771 2250 potest.
824 2164 925 2228 Recte
954 2164 1037 2228 enim
1068 2166 1153 2230 idem
1183 2165 1349 2231 Hertziuu

203 2270 381 2350 admonuit,
404 2293 474 2338 sese
496 2272 529 2334 in
551 2269 663 2356 paucis
678 2268 870 2354 fragmentis
887 2266 1057 2354 Odysseae
1079 2271 1112 2334 et
1135 2269 1209 2336 belli
1223 2270 1342 2337 Punici

204 2375 334 2441 omnino
362 2399 426 2443 non
454 2374 564 2440 videre
592 2374 670 2458 quid
696 2373 825 2437 intersit
862 2373 946 2436 inter
983 2375 1152 2458 utriusque
1189 2377 1342 2442 carminis

204 2501 393 2545 sermonem.
430 2478 471 2544 ld
494 2500 621 2563 quoque
642 2479 707 2542 iam
731 2499 830 2564 supra
852 2478 1036 2564 attigimus,
1059 2479 1145 2544 Livii
1168 2478 1341 2564 Odysseae

203 2585 360 2652 Naevium
384 2584 523 2650 fortasse
546 2584 664 2650 debere
691 2583 778 2668 quod
801 2583 930 2649 Aeneae
953 2605 1078 2648 errores
1101 2586 1153 2650 tot
1174 2584 1266 2650 libris
1290 2610 1343 2652 ex-

202 2693 358 2778 posuerit,
382 2690 438 2756 sed
461 2689 539 2755 satis
562 2693 613 2756 est
628 2689 770 2754 animum
785 2688 828 2753 ad
844 2688 926 2754 hane
941 2711 1009 2756 rem
1025 2689 1217 2766 advertisse,
1240 2713 1342 2774 quam

202 2797 315 2861 intime
336 2796 532 2882 perscrutari
553 2817 647 2860 nemo
670 2817 767 2858 sanus
790 2795 943 2860 studebit.

290 2900 418 2966 Deinde
441 2922 523 2985 quae
543 2901 627 2964 ratio
649 2899 830 2964 intercedat
851 2900 936 2964 inter
958 2898 1116 2964 Naevium
1140 2904 1173 2965 et
1194 2881 1348 2964 Ennium

125 3055 129 3062 ·
203 3003 319 3072 Cicero
341 2992 520 3072 luculenter
542 3005 696 3090 exposuit
705 3007 731 3081 ³)
753 3004 840 3068 bisce
861 3002 983 3068 verbis:
1006 3004 1081 3080 „Sit
1102 3005 1228 3070 Ennius
1250 3027 1340 3078 sane,

201 3116 241 3178 ut
263 3117 313 3176 est
329 3116 424 3186 certe,
447 3110 638 3197 perfectior:
662 3109 717 3194 qui
741 3110 768 3172 si
782 3108 872 3174 illum
888 3113 926 3172 61
942 3109 1082 3186 simulat,
1106 3112 1338 3186 contemneret,

201 3239 280 3294 uon,
305 3217 412 3282 omnia
434 3216 517 3282 bella
537 3237 748 3303 persequens,
776 3215 915 3300 primum
945 3213 1024 3278 illud
1046 3214 1222 3291 Punicum,
1252 3237 1348 3280 acer-¹

201 3325 319 3388 rimum
348 3322 482 3398 bellum,
511 3321 702 3405 reliquisset.
749 3317 814 3384 Sed
844 3320 913 3406 ipse
943 3319 1027 3384 dixit
1064 3341 1121 3384 cur
1155 3319 1189 3383 id
1221 3320 1335 3385 faciat:

201 3426 404 3514 „Scripsere,
428 3429 547 3512 inquit,
577 3425 630 3491 alii
660 3448 727 3490 rem
750 3425 898 3506 vorsibus
921 3427 1004 3488 etc.“
1027 3427 1061 3488 et
1088 3424 1247 3490 luculente
1270 3426 1336 3508 qni-

202 3534 274 3599 dem
298 3531 496 3619 scripserunt
519 3532 645 3600 etiamsi
673 3531 778 3595 minus
806 3552 901 3613 quam
936 3531 973 3593 tu
1002 3529 1111 3615 polite
1163 3528 1232 3594 Nec
1258 3552 1334 3594 vero

201 3638 261 3704 tibi
286 3637 378 3704 aliter
401 3638 503 3704 videri
525 3637 636 3713 debet,
652 3637 715 3720 ‚qui
738 3658 758 3700 a
778 3634 902 3702 Naevio
923 3633 973 3699 vel
995 3634 1162 3721 sumpsisti
1185 3635 1286 3699 multa
1307 3635 1334 3698 si

109 3757 112 3764 ’
154 3753 162 3768 “
200 3742 330 3824 fateris,
352 3743 413 3820 vel,
437 3746 465 3808 si
486 3765 602 3829 negas,
627 3741 882 3827 surripuisti.“4)

274 3909 293 3969 ¹)
313 3905 345 3956 61.
364 3907 452 3956 Horta.
465 3905 482 3954 l.
495 3905 511 3954 l.
526 3919 551 3968 p.
566 3905 625 3953 217.
641 3927 672 3938 ·-
687 3902 709 3962 ²)
722 3918 746 3965 p.
761 3906 821 3950 2³⁵.
836 3927 868 3936 —
883 3901 904 3960 ⁸)
918 3899 971 3949 Cio.
985 3900 1057 3950 Brut.
1073 3904 1114 3960 19,
1129 3901 1253 3962 74.-⁴)
1266 3899 1330 3948 Con·

200 4003 240 4044 tra
257 3994 424 4044 Niebuhrinm
444 3994 486 4059 qni
505 3993 531 4041 in
549 3991 638 4042 scholi.
659 4004 712 4038 ace.
735 3990 767 4037 de
792 3988 850 4061 hist.
869 3987 944 4037 Rom.
971 3994 992 4048 1,
1012 3993 1045 4036 2⁴
1070 3995 1204 4037 censuerat
1221 3987 1328 4036 Ennium

200 4084 303 4134 omnino
323 4081 438 4132 omisisse
456 4081 551 4131 bellam
569 4079 695 4129 Panicum
713 4076 837 4141 primum,
861 4075 974 4139 disputat
991 4075 1124 4126 Vahlenus
1143 4075 1208 4124 Eun.
1226 4090 1251 4138 p.
1272 4079 1311 4123 5⁵.
