2712 4630
674 169 883 264 „⁹9-

213 359 338 424 tinam“
360 377 454 442 quam
478 325 591 422 laudat
613 317 769 439 Varro'²)i
791 321 800 338 .
827 353 923 419 Illum
945 375 1022 419 vero
1044 309 1214 420 Varronis
1255 352 1309 418 loc

213 462 374 546 Noniusa)
403 463 437 526 in
468 465 576 527 mente
604 459 753 526 habuisse
781 459 920 526 videtur.
967 457 1094 526 Graeca
1119 457 1244 524 fabula
1268 459 1299 523 L

98 629 106 646 ,
213 568 310 656 padio
337 589 402 633 non
431 566 541 642 extat;
575 588 594 628 a
624 586 716 630 servo
743 561 854 630 fabula
880 586 996 630 nomen
1026 564 1192 651 accepisse
1228 563 1307 628 vide

214 694 313 759 quum
336 673 438 738 etiam.
455 673 486 736 in
508 669 619 736 Plauti
642 667 824 736 Cistellaria
844 670 1027 758 Lampadio
1048 671 1132 738 servi
1152 691 1286 734 nomen
1307 671 1327 733 si

570 936 762 1022 XXXV.¹
810 935 976 1022 LEON.

195 1195 196 1208 p
300 1125 340 1193 af.
364 1149 388 1192 s.
412 1150 443 1192 n.
467 1126 632 1194 Hariolus.
704 1219 710 1234 ⁹

507 1393 705 1480 XXXVI.
767 1391 1053 1478 HGNARIA.

283 1584 315 1636 cl.
331 1585 457 1636 Ribbeck.
477 1599 541 1636 com.
560 1585 605 1635 rel.
624 1601 649 1650 p.
671 1591 729 1636 220.

300 1754 469 1842 Gulusa:
499 1755 647 1836 „Novius
668 1758 701 1823 in
723 1758 879 1846 Lignaria
900 1756 1034 1824 verbum
1058 1754 1146 1840 quod
1168 1759 1220 1821 est
1238 1755 1313 1846 ,utta

211 1883 251 1930 ex
272 1863 434 1929 contraria
454 1865 548 1951 parte
571 1863 666 1944 dicit:
726 1921 735 1936 ,
1208 1872 1211 1876 ’

276 1966 363 2049 Quia
384 1968 528 2056 supellex
551 1968 654 2034 multa
676 1991 758 2055 quae
780 1992 845 2034 non
867 1969 973 2034 utitur
996 1968 1114 2034 emitur
1136 1969 1272 2031 tamen.“

210 2074 249 2140 ln
276 2077 393 2161 poetae
420 2076 549 2142 nomine
575 2074 636 2141 hoc
660 2073 757 2140 Gellii
782 2073 855 2141 loco
883 2075 1088 2140 consentiunt
1120 2093 1229 2138 omnes
1255 2069 1318 2142 libri

210 2201 335 2244 summa
356 2202 433 2246 vero
455 2179 534 2244 illud
557 2179 765 2264 subsequitur
786 2179 943 2246 librorum
966 2178 1190 2267 discrepantia,
1222 2176 1253 2240 in
1273 2195 1320 2259 qua

210 2285 323 2370 optimi
352 2284 427 2349 libri
455 2305 493 2350 eo
516 2307 575 2350 uos
598 2285 720 2350 ducunt
749 2289 787 2350 ut
813 2285 958 2373 legamus
973 2283 1125 2362 .,‚N0vius
1154 2281 1262 2369 inligat
1287 2303 1321 2343 sr-

209 2389 340 2454 chaeam
352 2387 379 2476 4)
399 2389 433 2452 in
454 2389 624 2476 lignarium
644 2414 718 2456 nam
738 2379 875 2457 ¹verbum
900 2391 987 2478 quod
1010 2393 1067 2456 est
1081 2389 1187 2454 utitur
1206 2408 1246 2453 ex
1263 2407 1320 2450 cun-

182 2561 183 2566 ,
208 2494 308 2560 traria
330 2497 423 2581 parte
446 2495 556 2561 dicit.“
582 2496 646 2562 Est
668 2499 751 2562 enim
770 2496 849 2562 baec
864 2497 1012 2564 codicum
1026 2495 1204 2582 scriptura:
1225 2491 1322 2580 Lugdt

207 2599 322 2688 inligat
344 2600 440 2665 archa
461 2601 525 2665 iam
547 2602 579 2666 in
604 2601 755 2688 lignaria3
788 2602 871 2669 Par:
900 2603 982 2696 ligat
1010 2600 1151 2666 archiam
1180 2599 1211 2662 in
1237 2598 1320 2684 ligna

207 2706 304 2782 riam3
326 2705 408 2791 Reg.
421 2704 533 2772 Germ.
557 2705 667 2794 Magl:
690 2707 854 2795 ligitarca3
877 2707 999 2774 Petav:
1021 2705 1211 2794 ligatarcha3
1233 2703 1322 2770 Voss:

206 2811 289 2897 ligat
312 2815 411 2875 tarca.

295 2920 326 2982 A
350 2913 456 2982 Gellio
487 2914 588 3001 igitur
613 2916 767 2982 docemur
787 2917 928 2983 Novium
948 2917 1138 3005 Lignariam
1165 2915 1323 3002 scripsisse

207 3020 301 3107 quod¹
327 3021 547 3087 testimonium
580 3019 667 3086 tollit
699 3022 866 3109 scrupulos
900 3023 927 3088 si
956 3025 1012 3108 qui
1046 3022 1234 3088 oboriuntur
1263 3019 1339 3086 locus

206 3125 364 3194 Prisciani
373 3129 398 3209 ⁵)
431 3125 487 3191 ubi
515 3127 704 3214 Lignariam
734 3127 877 3194 fabulam
908 3131 1023 3216 optimi
1050 3127 1124 3194 libri
1150 3125 1253 3193 Novio
1278 3127 1325 3191 tn·-

138 3241 139 3250 ’
206 3231 312 3297 buunt
335 3253 433 3316 quum
458 3229 556 3298 Grut.
579 3236 612 3298 et
634 3232 734 3299 Borb.
756 3233 850 3301 Nevii
872 3239 988 3300 noincu
1010 3232 1193 3310 exhibeant,
1212 3233 1324 3318 Regius

205 3359 380 3426 esnprao
408 3331 579 3425 scriptam,
609 3335 707 3425 Sang.
730 3340 783 3406 No
812 3341 844 3404 in
866 3363 995 3418 rasura,
1025 3340 1130 3427 Bong.
1153 3361 1226 3404 vero
1247 3337 1324 3418 „Nc

205 3442 301 3507 nius“
322 3440 484 3527 praebeat.

292 3548 409 3631 ltaque
430 3569 502 3612 cum
527 3546 676 3614 omnibus
695 3549 762 3616 fere
785 3551 841 3634 qui
854 3549 934 3616 haec
948 3549 1131 3636 fragmenta
1144 3552 1324 3626 tractarunt

205 3654 309 3720 Nouii¹
323 3678 387 3720 non
409 3651 524 3720 Naevii
545 3654 733 3740 Lignariam
755 3655 855 3721 fuisse
877 3676 1051 3722 censemus.
1219 3649 1222 3654 ’

207 3849 440 3861 —--———

277 3975 296 4034 ¹)
315 3973 330 4022 1:
349 3973 366 4021 l.
387 3975 410 4035 7,
432 3975 488 4029 107.
512 3999 541 4010 -
560 3973 583 4036 ²)
601 3989 625 4039 p.
645 3975 696 4024 376
715 3973 752 4028 Μ.
773 4001 803 4012 -
824 3976 845 4038 ³)
863 3974 894 4026 N.
914 3975 947 4026 A.
969 3980 1010 4036 15,
1032 3979 1070 4026 lt.
1090 4000 1123 4010 —
1142 3976 1165 4037 ⁴)
1182 3988 1213 4024 sc.
1231 3990 1322 4028 vocem.

204 4060 226 4122 ⁸)
245 4075 269 4126 p.
289 4062 339 4110 657
359 4060 387 4110 P.
