2734 4610
772 191 814 248 cc

222 377 335 444 ebrum
358 377 557 463 epigramma
579 373 725 440 versibus
755 377 908 442 saturniis
930 375 1081 461 scripsit?
1127 372 1228 440 Certe
1256 371 1353 566 igitpp

222 483 272 547 his
294 481 474 548 rationibus
495 503 559 544 non
583 479 739 557 efficitur,
769 504 852 544 anno
877 487 939 546 548
964 481 1082 546 bellum
1105 481 1265 546 Punicum
1289 504 1323 544 es

222 589 356 654 editum.
403 585 492 665 Quin
514 587 540 649 si
560 585 720 648 rationem
747 587 1001 652 verisimiliorem
1031 587 1217 670 sequimur,=
1239 579 1353 674 lneliul

222 713 256 758 se
278 715 329 757 res
351 691 460 767 hebet,
485 692 514 754 si
536 691 592 754 uni
614 688 728 758 Naevii
749 691 905 756 versiculo
927 713 991 754 uno
1009 713 1101 756 versu
1118 689 1272 756 Metellus
1297 687 1353 776 red

221 799 351 886 pondit3
378 797 466 880 quod
489 797 516 859 si
538 797 712 860 statuimus
735 796 830 860 simul
852 795 1026 882 effugimus
1040 815 1161 860 'omnes
1183 795 1253 859 illas
1278 795 1353 888 ciffi(

221 903 323 968 eultst
325 925 358 966 es
374 899 491 985 quibus
507 901 579 966 Ritt
581 922 654 964 erus
670 899 792 986 defetig
793 904 867 964 stur
889 923 988 985 quum
1005 901 1175 976 censuerit,
1196 900 1353 1020 Naevium

160 1064 163 1070 ,
220 1009 254 1071 in
270 1008 366 1092 p‘rimi
388 1006 463 1070 belli
478 1005 593 1070 Punici
608 1007 825 1090 descriptione
841 1007 1021 1072 meminisse
1037 1006 1174 1070 consulis
1190 1007 1265 1069 enni
1285 1009 1353 1088 54ὃῷἸ

220 1111 364 1197 Nosrgit
365 1133 405 1176 ur
421 1111 606 1175 testimonio
624 1109 788 1176 Ciceronis
806 1111 946 1174 conteut‘
938 1135 949 1173 1
964 1132 1033 1175 esse
1050 1110 1219 1187 debemus3
1242 1089 1353 1194 quodsi

222 1219 293 1301 quis
324 1239 398 1282 cum
426 1217 500 1281 Ritt
486 1220 557 1281 tero
571 1219 640 1301 1s)
625 1220 767 1281 statuere
797 1216 866 1280 vult
895 1219 1026 1300 poetam
1056 1238 1185 1280 carmen
1213 1199 1353 1306 coepissel

222 1323 326 1386 medio
343 1322 412 1387 iere
426 1321 509 1387 bello
524 1321 648 1398 Punico
666 1321 777 1396 altero,
793 1343 857 1384 non
873 1320 1048 1388 intercedo.
1078 1321 1151 1386 Ritt
1123 1326 1228 1386 tter-rm
1239 1343 1350 1408 nempe

221 1450 418 1513 quemquem
447 1427 482 1490 id
504 1449 567 1490 non
590 1425 676 1499 dicit,
697 1426 826 1489 videtur
849 1429 959 1489 tumen
980 1446 1051 1489 sam
1078 1427 1236 1490 rationein
1267 1427 1348 1510 sequi

221 1535 259 1598 ut
282 1537 423 1607 statuet,
446 1550 546 1614 quum
568 1529 732 1615 Vergilius
754 1531 923 1594 duodecim
947 1529 1047 1594 libros
1070 1530 1241 1596 duodecim
1266 1533 1353 1620 annisl

220 1637 448 1722 conscripserit
468 1635 592 1699 Naevio
622 1657 749 1718 quoque
772 1636 813 1698 ad
842 1638 967 1722 septem
989 1635 1087 1700 libros
1110 1635 1348 1702 conscribendos

220 1745 345 1828 septem
369 1747 525 1804 unnoru'm
544 1741 657 1830 spatio
677 1763 759 1826 opus
781 1741 889 1816 fuisse,
914 1731 1101 1824 miseratio
1124 1763 1219 1825 quum
1243 1741 1348 1806 debilis

220 1847 264 1910 sit
292 1846 403 1909 vident
430 1867 559 1920 omnes,
598 1867 698 1929 quum
726 1867 785 1910 nec
811 1827 1063 1932 magnitudinem
1098 1846 1253 1912 librorum
1285 1846 1348 1916 belli

220 1949 337 2016 Punici
371 1950 554 2016 noverimus
585 1953 619 2014 et
651 1953 779 2015 constet
802 1951 983 2037 Vergilium
1019 1953 1165 2016 inaudite
1200 1951 1351 2016 tarditate

52 2087 56 2110 r
160 2089 162 2094 ’
220 2079 313 2121 usum
337 2077 415 2120 θθὸθ.
435 2087 436 2090 ’

303 2159 470 2226 Saturniis
502 2159 649 2227 v‘ersibus
678 2159 837 2226 Naevium
867 2161 984 2226 bellum
1007 2161 1166 2226 Punicum
1190 2161 1350 2245 scripsisse

219 2267 279 2330 nisi
307 2267 378 2352 ipsu
405 2263 592 2350 fragments
613 2266 678 2330 iem
706 2267 784 2330 setis
814 2266 1057 2338 demonstrant,
1088 2267 1235 2328 veterum
1266 2267 1350 2330 testi

220 2371 328 2436 monis
359 2369 486 2434 docent.
531 2369 692 2452 Enniusss)
724 2373 807 2437 enim
830 2372 865 2435 id
890 2369 1072 2454 significare
1098 2369 1227 2434 videtur
1256 2391 1351 2453 quum

219 2476 378 2542 Naevium
401 2475 590 2560 intellegens
612 2475 708 2572 dicit:
1352 2477 1353 2544 l

219 2583 397 2668 „scripsere
405 2580 458 2644 ulii
469 2602 538 2646 rem
546 2580 694 2646 uorsibus
706 2603 786 2665 quos
795 2578 871 2644 olim
880 2576 1004 2642 Faunei
1011 2575 1165 2661 vatesque
1176 2549 1353 2648 cenebsnt‘l

219 2691 253 2753 et
268 2669 426 2770 Festbs³)
448 2684 560 2754 refert:
584 2685 743 2762 „saturnii
765 2682 969 2770 appell-untur
992 2682 1108 2766 quibus
1130 2685 1164 2747 et
1185 2705 1206 2746 e
1227 2681 1353 2760 Naevio

219 2792 337 2857 bellum
367 2791 526 2857 Punicum
558 2791 714 2876 scriptum
744 2792 793 2853 est
823 2791 856 2853 et
882 2812 901 2852 a
927 2788 1036 2852 multis
1063 2788 1132 2852 aliis
1155 2787 1249 2873 plura
1271 2799 1353 2890 euml

218 2900 326 2984 positu
353 2901 462 2962 suut.“
697 2891 700 2894 ’
1352 2899 1353 2990 l

307 3005 382 3090 lpse
397 3007 493 3090 pocta
509 3019 637 3066 carmen
660 2999 843 3083 composuit
864 3018 928 3062 uno
952 2997 1113 3063 volumine
1129 3001 1162 3062 et
1176 2995 1353 3074 continenti

219 3111 417 3194 scripturs4)
447 3107 556 3172 divisit
585 3125 662 3168 vero
684 3104 717 3166 in
738 3105 863 3188 septem
887 3102 986 3168 libros
1011 3101 1053 3169 G.
1079 3101 1236 3168 Octavius
1257 3103 1353 3172 Lami

218 3215 331 3301 padio,
370 3215 425 3297 qui
458 3209 689 3297 grammaticus
724 3205 833 3274 Sullae
866 3211 1015 3294 tempore
1046 3208 1172 3272 Romae
1204 3206 1353 3284 florebntl

219 3320 315 3386 Hunc
337 3319 438 3404 igitur
461 3313 593 3380 Octavii
614 3314 830 3378 recensionem
853 3335 963 3378 omnes
986 3314 1188 3399 grammatici
1210 3313 1266 3396 qui
1289 3311 1353 3384 frul

218 3426 304 3490 stulu
332 3423 405 3488 belli
427 3419 541 3486 Punici
572 3423 742 3483 servarunt
772 3423 847 3483 ante
877 3419 987 3484 oculos
1020 3417 1170 3482 habuisse
1191 3418 1353 3484 videntum

177 3537 180 3544 '
307 3527 464 3594 Nostrum
487 3545 573 3588 nunc
594 3523 657 3588 erit
671 3545 834 3610 quaerere
857 3525 898 3590 de
917 3523 1048 3598 [nomine
1072 3545 1137 3607 quo
1159 3544 1287 3592 carmen
1308 3523 1353 3588 inl

218 3637 375 3721 scriptum
399 3631 499 3705 erets
516 3629 556 3693 de
578 3627 676 3694 rebus
699 3652 779 3714 ques
808 3628 1084 3715 complectebatur
1109 3629 1150 3693 de
1178 3629 1353 3714 earumque}

290 3899 310 3961 ¹)
329 3895 362 3946 ct.
380 3896 469 3946 uitur.
489 3895 505 3944 l.
523 3895 541 3943 l.
554 3909 578 3958 p.
599 3898 658 3946 8³4.
679 3921 713 3932 -
731 3895 754 3957 ¹)
774 3894 806 3944 cs.
825 3895 902 3944 Ennii
921 3893 967 3958 lgt.
986 3907 1042 3944 rec..
1055 3893 1132 3944 viu.
1151 3893 1220 3942 Anu.
1242 3897 1347 3954 7,1.-

219 3988 240 4049 Ι)
264 4003 289 4052 p.
314 3981 364 4035 823
389 3983 424 4034 ll.
455 4009 484 4020 -
507 3982 531 4043 ⁴)
550 3981 581 4031 cs.
602 3982 699 4032 Suetus
725 3982 756 4030 dc
775 3980 888 4030 Grsmm.
915 3987 938 4031 2.
958 3983 999 4031 Dc
1023 3981 1204 4047 Lampadionis
1228 3975 1353 4035 divisione

160 4091 162 4106 ’
217 4077 293 4128 etiem
313 4072 410 4124 Nonius
429 4071 501 4137 loqui
519 4071 619 4119 videtur
636 4084 656 4119 s.
674 4081 698 4118 r.
718 4067 907 4133 rcptsmlamm
926 4085 950 4134 p.
973 4071 1022 4120 170
1040 4069 1076 4120 Μ.
