2734 4610
577 234 597 294 3

9 421 176 488 omnibus
208 420 276 486 fere
309 424 456 486 veterum
486 421 688 486 testimoniis.
739 417 808 500 Qui
840 441 917 486 vero
954 417 1159 508 Campanum

9 526 180 592 Naevium
201 526 303 590 fuisse
325 525 448 605 dieunt,
470 527 609 590 utuntur
630 525 718 592 hisce
740 523 839 591 Gellii
860 524 967 604 verbis
980 527 1019 610 ¹):

109 631 347 716 „Epigramma
367 629 481 696 Naevii
509 629 639 716 plenum
662 628 831 715 superbiae
855 627 1041 716 Campanae
1066 632 1160 716 'quod

8 735 245 802 testimonium
268 755 338 798 esse
359 735 482 800 iustum
504 735 668 822 potuisset
689 735 751 798 nisi
770 732 811 798 ab‘
834 735 905 820 ipso
921 736 1045 800 dictum
1060 739 1160 802 assata

182 838 398 917 „Inmortales
421 839 573 920 mortales
595 839 624 904 si
645 839 731 903 foret
752 837 802 904 fas
824 838 902 906 flere

185 943 318 1008 Flerent
341 943 435 1008 divae
456 941 617 1009 Camenae
635 941 796 1009 Naevium
818 946 950 1030 poetam
989 965 992 973 ¹

185 1047 300 1130 ltaque
319 1051 492 1134 postquam
515 1051 565 1112 est
580 1044 662 1113 Orci
682 1047 825 1112 traditus
847 1047 1001 1115 thesauro

190 1149 291 1221 Obliti
313 1156 390 1219 suat
411 1152 532 1218 Latina
554 1152 677 1218 Romae
700 1151 824 1237 loquier
845 1153 990 1240 lingua.“

114 1257 189 1323 Hoc
210 1256 279 1322 solo
293 1257 364 1324 loco
386 1257 518 1322 fulcitur
538 1256 593 1321 illa
611 1257 772 1322 sententia
787 1277 870 1341 quae
885 1256 1042 1324 Naevium
1059 1260 1160 1326 civem

17 1363 233 1451 Campanum
254 1361 334 1428 facit
356 1363 418 1428 nisi
437 1362 523 1428 forte
544 1361 631 1428 illam
648 1359 792 1428 Schiittii
814 1361 961 1448 effigiem
977 1365 1079 1430 accire
1101 1366 1160 1442 vis,

17 1491 108 1554 quae
131 1467 290 1533 Naevium
314 1465 396 1554 Cap.
419 1468 574 1532 nominat.

114 1572 283 1660 Campana
305 1557 412 1640 autem
436 1571 588 1659 superbia
610 1594 675 1638 non
696 1571 801 1638 solum
828 1570 989 1659 significat
1011 1594 1162 1660 arrogan-

5 1681 105 1744 tiam
128 1676 380 1765 Campanorum,
403 1699 485 1762 quae
508 1680 559 1742 est
580 1675 745 1744 Welckeri
767 1678 965 1763 sententia2)
986 1678 1162 1747 sedetiam

17 1806 96 1848 eam
121 1785 276 1868 quaeest
298 1782 410 1848 similis
437 1773 643 1870 arrogantiae
666 1780 907 1869 Campanorum
930 1804 1013 1868 quae
1034 1783 1068 1849 in
1089 1807 1162 1871 pro

17 1888 181 1954 verbium·
194 1887 273 1953 abiit
282 1890 317 1970 ³).

4 2061 5 2064 ,
118 1993 232 2079 ltaque
262 2014 373 2060 omnes
387 1991 470 2058 ..fere
498 1991 560 2056 viri
587 1991 675 2057 docti
697 2013 782 2060 nuno
804 1991 934 2076 quidem
957 1994 1163 2058 consentiunt
1221 1981 1225 1990 ¹

4 2095 87 2170 2hoc
108 2096 181 2162 loco
203 2120 269 2162 non
291 2097 505 2163 demonstrari
527 2095 685 2162 Naevium
707 2119 777 2162 esse
800 2095 1004 2182 Campanum
1014 2098 1050 2180 ⁴).

4 2253 6 2266 .
113 2203 223 2286 Atque
245 2203 389 2268 adducor
411 2201 558 2287 equidem
579 2201 647 2266 fere
667 2203 701 2266 in
723 2200 936 2267 Klussmanni
957 2202 1161 2280 sententiam,

5 2327 100 2370 nam
121 2330 187 2372 non
208 2307 312 2372 solum
333 2291 525 2372 mirumest
546 2299 784 2392 Hieronymum
806 2307 848 2371 ad
875 2306 1009 2372 Eusebii
1039 2305 1162 2372 chroni-

3 2426 85 2482 {con
108 2433 208 2496 quum
236 2412 379 2476 omnium
410 2411 477 2476 fere
505 2413 678 2498 poetarum
701 2411 922 2476 Romanorum
944 2412 1084 2498 patriam
1108 2398 1183 2476 no(

2 2517 142 2592 ‚minet
171 2515 284 2581 Naevii
313 2515 413 2581 solius
442 2517 582 2602 patriam
602 2516 794 2603 neglexisse,
823 2517 879 2582 sed
901 2517 990 2602 cogit
1010 2515 1073 2581 hoc
1094 2515 1163 2581 fere

21 2625 66 2683 ut
87 2621 213 2686 Romae
235 2642 306 2684 eum
328 2623 440 2686 natum
463 2642 533 2686 esse
555 2643 750 2686 censeamus.

119 2722 295 2788 Praeterea
308 2723 543 2790 Klussmannus
554 2728 581 2808 5)
594 2729 633 2789 ut
648 2746 739 2790 suam
755 2725 947 2789 sententiam
962 2723 1163 2789 demonstret

22 2827 59 2892 in
83 2815 348 2896 auxiliumvocat
368 2851 502 2896 nemora
515 2829 640 2896 Naevia
660 2832 694 2894 et
716 2832 846 2916 portam
867 2827 1024 2910 Naevium
1046 2828 1163 2914 quibus

25 2931 157 2996 ostendi
181 2932 267 3009 dicit,
290 2937 420 3020 gentem
434 2934 592 3000 Naeviam
607 2935 671 3001 iam
693 2936 807 3020 primis
821 2933 1023 3021 temporibus
1038 2933 1165 3000 Romae

25 3038 138 3102 fuisse.
176 3037 326 3124 Utraque
341 3040 487 3105 nominat
502 3039 657 3123 Varro⁶):
680 3039 848 3126 „ligionem
863 3038 1000 3110 Porcius
1015 3037 1164 3124 designat

29 3165 126 3225 quom
151 3142 192 3208 de
213 3143 320 3210 Ennio
348 3143 489 3209 scribens
519 3144 597 3210 dicit
625 3164 700 3209 eum
730 3144 866 3209 coluisse
893 3142 1055 3208 Tutilinae
1081 3140 1162 3217 loca,

29 3245 186 3331 Sequitur
214 3251 311 3334 porta
331 3247 455 3314 Naevia
484 3248 572 3333 quod
599 3248 632 3313 in
663 3249 849 3314 nemoribus
877 3246 1007 3313 Naeviis
1036 3243 1164 3336 (llasvii
1270 3303 1272 3306 .

33 3352 152 3417 etenim
175 3351 246 3428 loca
266 3353 324 3418 ubi
338 3356 391 3436 ea)
404 3354 451 3419 sic
465 3353 562 3418 dicta.
599 3353 729 3418 Deinde
742 3352 951 3419 Rauduscula
971 3354 1034 3418 eto.
1050 3350 1166 3417 Naevii

104 3582 123 3643 ¹)
144 3582 175 3630 ct.
195 3582 262 3632 Gell.
282 3583 313 3632 N.
331 3585 365 3633 A.
387 3589 410 3645 l,
429 3589 470 3634 24.
489 3609 526 3620 —
544 3583 566 3646 ¹)
578 3583 611 3632 cf.
625 3581 746 3633 Welcker
763 3589 828 3647 trag.
847 3597 932 3646 graec.
950 3597 975 3647 p.
992 3586 1066 3632 1³88.
1090 3581 1164 3630 Idem

31 3669 112 3718 credit
135 3681 228 3720 nomen
251 3669 341 3719 Naevii
370 3685 422 3720 non
449 3671 532 3720 solnm
555 3671 700 3732 Romanum
728 3670 773 3719 ssd
797 3671 873 3720 etiam
898 3669 993 3720 Oreum
1016 3668 1102 3718 truse.
1129 3691 1162 3702 -

31 3757 52 3817 ⁸)
71 3755 104 3806 ct.
124 3755 178 3807 Cic.
198 3757 262 3820 Agr.
285 3761 308 3817 1,
328 3759 341 3806 7
361 3757 394 3806 ib.
415 3763 439 3806 2.
476 3757 509 3807 ot.
530 3757 584 3806 Cic.
607 3758 634 3806 in
654 3755 722 3806 Rull.
748 3762 779 3817 2,
802 3762 844 3807 38.
870 3782 903 3792 -·
927 3757 949 3817 ⁴)
968 3755 1074 3805 Praeter
1098 3754 1164 3805 alios

31 3843 63 3892 ct.
82 3843 172 3904 Hertz,
190 3859 248 3893 ann.
267 3844 354 3894 Berol.
377 3849 442 3894 184³
461 3851 514 3894 tom
533 3844 560 3894 11
578 3859 603 3908 p.
623 3828 683 3904 219,
702 3844 745 3907 qni
763 3851 850 3894 tamen
867 3843 948 3906 magis
966 3855 1024 3892 sess
1042 3841 1165 3892 inclinare

32 3931 93 3980 dieis
122 3930 155 3979 sd
178 3932 330 3988 sententiam
356 3945 444 3980 eornm
469 3932 512 3995 qni
537 3929 697 3994 Campanam
721 3930 847 3992 Naevium
873 3928 953 3979 tuisse
978 3936 1089 3979 censent.
1131 3928 1165 3979 ct.

32 4016 140 4067 Teuffel.
158 4016 185 4066 in
203 4018 286 4081 Pauli,
304 4017 403 4083 encycl.
423 4018 524 4069 realis.
542 4033 567 4069 r.
585 4017 705 4069 Naevius.
720 4043 747 4056 ··
766 4017 788 4080 ι)
806 4016 849 4067 Kl.
868 4032 893 4081 p.
914 4021 937 4066 9.
957 4043 990 4053 -
1010 4018 1031 4080 ⁸)
1050 4016 1135 4086 Varro
1147 4015 1164 4066 l.

31 4104 48 4152 l.
67 4109 91 4153 5.
113 4107 162 4154 18³
180 4103 216 4154 Μ.

931 4207 967 4258 l.
