2734 4610
550 209 591 266 31

7 441 9 452 .
75 393 180 460 Haec
202 393 270 458 fere
291 393 332 457 de
356 393 461 458 tribus
477 393 640 480 prioribus
661 393 750 460 libris
774 394 901 470 scimus,
925 393 1044 478 quibus·
1059 413 1128 458 cou-

7 499 188 566 nebantur
211 499 352 584 origines
373 498 505 562 illorum.
524 499 718 586 populorum
742 521 823 582 quos
846 499 960 563 ceteris
982 497 1066 562 libris
1088 496 1128 560 de

7 623 18 668 s
44 627 88 670 ac
113 605 187 668 vita
209 604 430 689 depugnantes
452 604 536 668 inter
558 625 629 668 sese
650 604 804 668 videmus.

81 709 190 774 Libro
214 713 331 792 quarto
352 710 435 772 enim
451 707 569 773 bellum
592 709 743 774 indicitur
766 707 969 782 afetialibus
992 707 1040 790 qui
1062 728 1128 770 sco·

7 835 49 880 'as
82 818 186 898 atque
214 815 369 879 verbenas
401 817 534 898 portant
565 818 609 894 (3,
634 820 665 895 2)
688 813 821 878 Marcus
848 813 991 877 Valerius
1017 809 1128 876 consul

7 923 125 984 artem
150 919 312 984 exercitus
334 918 366 982 in
388 915 529 982 Siciliam
546 919 746 983 transmittit
768 921 811 998 (3,
835 923 878 1000 3).
911 918 1046 1002 Postea,
1069 917 1129 985 Re-

7 1023 76 1108 (ulo
102 1012 249 1097 consule,
271 1022 422 1087 Melitam
445 1023 580 1088 insulam
603 1024 723 1088 transit
744 1024 904 1088 exercitus
926 1043 1052 1106 eanque
1074 1043 1130 1108 po

7 1128 137 1213 sulatur
158 1131 202 1208 (4,
228 1132 258 1208 1)
281 1127 325 1192 ibi
347 1127 485 1192 fortasse
508 1129 680 1214 capiuntur
702 1149 827 1214 greges,
851 1149 1130 1212 quoruncarnem

7 1234 144 1298 rictores
165 1233 338 1296 comedunt
361 1236 404 1312 (4,
428 1237 473 1313 4).
518 1233 655 1316 Reliqua
677 1233 772 1298 buius
794 1231 868 1296 libri
888 1232 1065 1318 fragmenta
1078 1251 1130 1294 res

7 1361 18 1401 ι
41 1329 227 1422 Regulo'in
248 1337 360 1402 Africa
387 1341 496 1423 gestas
518 1338 717 1423 significant3
745 1335 861 1402 faustis
892 1335 1034 1422 ausp'ciis
1062 1335 1131 1398 dux

7 1443 123 1506 milites
152 1443 186 1506 in
212 1442 372 1527 proelium
401 1443 564 1507 conmittit
587 1447 630 1522 (4,
656 1449 690 1525 3)
721 1442 862 1508 volvitur
892 1443 1022 1506 victoria
1046 1461 1130 1502 nunc

7 1571 63 1612 auc
85 1569 171 1612 nunc
192 1547 268 1612 illuc
290 1550 333 1627 (4,
353 1552 384 1629 2)
408 1571 483 1634 pars
506 1539 666 1613 exercitus
688 1550 752 1612 iam
766 1548 817 1613 ‘ab
838 1546 980 1613 hostibus
997 1544 1128 1608 circum-

7 1657 100 1718 renta
122 1657 183 1728 est,
207 1655 323 1736 quain
346 1654 537 1718 necessitate
558 1653 748 1718 cohortatur
763 1653 830 1718 dux
852 1653 962 1717 militer
983 1672 1023 1714 ne
1046 1649 1131 1716 dese.

7 1762 77 1822 rant
99 1755 333 1823 ¹commilitones
356 1763 400 1838 (3,
426 1759 458 1843 5)
479 1780 590 1822 omnes
612 1761 788 1824 veromori
803 1759 927 1824 malunt
947 1779 1036 1842 ruam
1058 1777 1130 1820 cum

7 1863 135 1926 infamia
157 1862 199 1925 ad
222 1885 298 1928 suos
321 1863 425 1928 redire
447 1866 490 1943 (3,
517 1869 562 1945 4).
685 1875 692 1880 ”

95 1963 221 2046 Quinto
243 1966 325 2031 libro
348 1969 444 2032 certis
466 1969 607 2032 numeris
629 1968 719 2034 nulla·
735 1967 919 2053 fragmenta
940 1965 1131 2040 tribuuntur,

7 2095 106 2157 quum
132 2094 211 2136 vero
240 2071 321 2138 liber
351 2078 486 2156 quartus
512 2077 586 2138 octo
615 2071 683 2138 fere
713 2093 869 2137 annorum
893 2069 1027 2157 spatium
1049 2091 1132 2133 com-

7 2178 119 2264 plexus
142 2179 199 2251 sit,
222 2177 376 2262 credibile
398 2176 463 2252 est,
491 2178 608 2243 librum
630 2180 779 2262 quintum
809 2199 874 2242 nou
905 2175 1007 2242 inulto
1028 2174 1132 2238 minus

7 2284 161 2368 temporis
185 2285 328 2368 spatium
351 2284 559 2360 continuisse,
583 2305 667 2367 quae
687 2305 740 2348 res
763 2283 824 2364 etsi
845 2282 940 2346 firmis
955 2276 1132 2347 rationibus

7 2387 219 2463 demonstrari
245 2389 373 2471 nequit,
401 2386 533 2453 fulcitur
560 2391 670 2454 tamen
696 2389 770 2453 libri
800 2388 883 2453 sexti
913 2386 1088 2472 fragmento
1115 2389 1131 2446 1

7 2497 213 2579 „septumum
242 2493 412 2562 decumum
442 2509 560 2558 annum
588 2493 661 2557 ilico
688 2493 821 2557 sedent“
845 2493 927 2576 quod
950 2489 1060 2555 melius
1083 2510 1134 2552 ex-

7 2599 120 2686 plicari
145 2620 209 2671 non
239 2602 350 2683 potest
380 2620 476 2682 quam
501 2599 529 2661 si
551 2598 747 2684 intellegitur
768 2598 810 2662 de
831 2597 979 2662 Romanis
1005 2595 1060 2678 qui
1081 2595 1134 2656 tot

7 2725 124 2767 annos-
139 2703 173 2765 in
196 2701 302 2767 Sicilia
316 2708 400 2796 ‚tum
431 2703 590 2768 sederant.
647 2701 929 2788 complectebatur
956 2700 1055 2785 igitur
1083 2698 1135 2762 hic
1235 2724 1238 2730 ·

7 2807 93 2872 liber
121 2809 227 2871 omnia
253 2808 307 2874 illa
329 2809 446 2872 damna
468 2810 515 2872 rei
544 2808 666 2872 navalis
689 2829 770 2892 quae
786 2807 878 2893 'passi
906 2810 976 2870 sunt
998 2803 1135 2870 Romani
1249 2835 1253 2843 =

11 2933 112 2997 usque
141 2913 182 2976 ad
202 2935 321 2980 annum
345 2919 418 2978 505.
464 2915 581 2997 ltaque
608 2911 649 2978 ad
676 2913 762 2978 hunc
783 2912 902 2977 librum
926 2909 1062 2976 fortasse
1084 2908 1135 2972 de-

13 3017 118 3104 legare
137 3018 213 3084 licet
234 3017 452 3114 fragmentum
476 3003 536 3084 inc.
563 3027 601 3083 17
626 3019 736 3103 „apud
759 3019 935 3103 emporium
963 3018 994 3080 in
1021 3035 1135 3099 campo

17 3123 152 3188 bostium
189 3127 255 3209 'pro
292 3134 428 3190 moene“
464 3147 538 3208 quo,
563 3123 713 3188 videntur
743 3121 913 3208 significari
946 3142 1024 3188 coss.
1071 3117 1136 3184 Gn.
1214 3130 1239 3176 ’.

18 3227 166 3309 Seruilius
194 3226 317 3314 Caepio
339 3235 371 3294 et
402 3228 444 3295 G.
477 3228 687 3316 Sempronius
701 3252 703 3256 ·
717 3228 852 3292 Blaesus
880 3229 932 3312 qui
961 3248 1040 3291 anno
1072 3231 1135 3289 501

14 3333 135 3418 aliquot
158 3332 256 3398 urbes
276 3333 407 3400 Africae
422 3337 585 3420 ceperunt.
623 3333 858 3420 Fragmentum
874 3355 949 3398 vero
972 3339 1000 3407 5,
1018 3340 1034 3395 1
1052 3333 1138 3396 recte
1201 3399 1203 3404 Ι

18 3437 241 3532 Ribbeokiusss)
262 3440 346 3506 inter
368 3441 491 3506 comica
512 3440 694 3526 fragmenta
715 3441 869 3532 reposuit.

100 3544 198 3610 Liber
220 3549 332 3610 sextus
346 3544 479 3610 ultimos
493 3545 561 3610 sere
576 3545 651 3610 belli
667 3548 766 3610 annos
782 3547 932 3611 continet.
970 3543 1139 3628 Fragmen-

18 3653 84 3714 tum
114 3659 129 3714 1
159 3653 192 3714 in
222 3650 314 3716 initio
344 3651 439 3716 buius
469 3652 543 3716 libri
569 3650 668 3714 luisse
697 3651 827 3716 videtur
856 3672 952 3734 quum
982 3645 1138 3732 quandam
1170 3665 1173 3671 ’

20 3755 190 3841 prohoemii
199 3757 345 3841 speciem
359 3776 437 3843 prae
452 3779 486 3821 se
501 3757 594 3822 ferat.
639 3755 766 3821 Deinde
785 3751 901 3822 foedus
914 3777 986 3820 cum
999 3753 1139 3818 Hierone

20 3885 99 3926 anno
122 3867 183 3927 506
206 3863 308 3927 ictum
331 3861 523 3929 subauditur
544 3865 590 3946 (6,
614 3864 648 3946 3)
666 3858 901 3949 Fragmentum
926 3859 1004 3925 2-ad
1019 3856 1141 3922 Hamil-

89 4097 107 4156 1)
127 4091 157 4144 o'f.
177 4058 293 4145 Ribbeck
310 4107 375 4144 eum.
394 4095 439 4144 rel.
458 4095 537 4144 Naer.
557 4093 612 4142 ine..
625 4069 711 4143 lanfr
731 4107 755 4158 p.
775 4097 816 4142 21.
