2712 4630
639 137 889 240 'ro'

217 357 322 424 vebat.
333 361 359 440 1)
410 358 526 441 ltaque
560 356 654 444 plane
689 355 827 440 quadrat
868 357 902 420 in
936 355 1094 422 Naevium
1131 354 1308 420 Horatian

217 462 349 544 illud:²)

359 553 429 634 ¹Nil
451 567 645 632 intentatum
667 567 770 632 nostri
791 566 912 650 liquere
934 567 1051 651 poetae

374 672 442 750 Nec
466 671 633 736 minimum
657 693 801 736 meruere
824 672 921 737 decus
943 672 1080 757 vestigia
1102 669 1241 736 Graeca

375 776 458 840 Ausi
479 777 626 842 deserere
646 781 679 842 et
701 775 861 842 celebrare
883 775 1020 840 domest'
996 779 1061 840 trea
1082 774 1171 842 iacta

378 880 433 944 Vel
456 882 510 965 qui
533 883 718 968 praetextas
740 880 791 946 vel
814 881 868 965 qui
891 881 1029 945 docuere
1051 884 1192 966 togatas.

306 983 449 1064 Quum
440 987 540 1072 igitur
562 1009 647 1052 nunc
667 987 710 1052 ad
730 985 872 1074 singulas
894 985 1020 1051 fabulas
1040 985 1261 1051 recensendas
1279 961 1328 1074 ul

219 1111 362 1166 neamus,
386 1092 579 1156 monendum
602 1095 668 1170 est,
697 1113 755 1156 nos
777 1093 849 1177 ipsa
871 1090 1128 1177 fragmentorum
1157 1077 1328 1156 verbant

219 1217 347 1272 curare,
378 1211 476 1280 quum
499 1189 588 1262 haec
608 1198 750 1262 omnium
773 1198 918 1262 virorum
941 1196 1018 1261 doct
1004 1199 1113 1260 torum
1141 1195 1287 1260 arbitrio
1307 1217 1321 1256 o

209 1301 327 1366 ¹time
319 1323 382 1366 ram
405 1305 583 1368 constituta
605 1303 669 1366 sint
655 1301 732 1366 tab
749 1299 814 1367 Ott
799 1303 876 1366 tone
898 1300 1106 1366 Ribbeokio
1097 1323 1132 1364 m
1154 1173 1328 1384 tragicorrl

87 1423 95 1435 “
218 1407 412 1472 Latinorum
434 1408 576 1492 reliquiis
597 1407 688 1492 Lips.
715 1414 798 1472 1852
821 1408 892 1470 ιι
883 1429 916 1470 ιιι
939 1407 1149 1470 comicorum
1159 1383 1328 1476 Latinorut

219 1510 362 1595 reliquiis
377 1512 468 1598 Lips
488 1519 571 1577 1855
588 1511 664 1577 edit'
640 1516 693 1577 t.rs
739 1510 850 1592 Quare
864 1512 942 1576 nihil
964 1511 1031 1576 lere
1053 1509 1146 1576 nobis
1170 1471 1328 1574 taciendul

220 1617 283 1680 erit
304 1638 401 1700 quam
431 1620 468 1681 ut
491 1639 683 1700 quaeramus
713 1639 794 1702 quae
818 1617 882 1680 sint
909 1638 986 1680 vera
1007 1615 1191 1682 fabularum
1215 1611 1318 1678 nomin

220 1723 331 1785 utrum
353 1719 555 1787 sint-Naeuii
575 1743 624 1786 an·
640 1722 775 1786 aliorum
796 1724 976 1808 poetarum,
999 1725 1110 1786 utrum
1134 1721 1204 1784 sint
1220 1718 1312 1798 deniq

219 1825 408 1911 tragoediae
431 1849 471 1891 an
493 1827 677 1894 comoediae
699 1850 740 1892 an
762 1817 960 1913 praetextae.
1006 1824 1115 1906 Quam
1143 1847 1214 1890 rem
1245 1826 1292 1888 ita
1311 1819 1315 1832 '

218 1931 389 1997 stituamus
412 1935 450 1997 ut
472 1955 583 1999 omnes
605 1933 732 2000 fabulas
755 1953 837 2016 quae
859 1934 944 1998 inter
966 1930 1160 1998 Naevianus.
1176 1929 1301 1995 recensi

221 2039 298 2100 sunt
329 2059 348 2100 a
375 2037 453 2102 viris
484 2038 604 2116 doctis,
637 2041 814 2103 tractemus
843 2038 957 2102 ordine
980 2035 1196 2122 alphabetico;
1219 2054 1316 2119 quatu

220 2161 300 2225 quas
329 2157 405 2208 aare
433 2142 615 2208 Naevianus
645 2164 714 2208 esse
748 2143 964 2206 censuerimus
1000 2140 1187 2228 colligemus
1225 2142 1261 2204 ιιι
1327 2223 1328 2226 ¹

220 2244 315 2311 huius
335 2245 443 2314 libelli.

389 2501 1181 2638 LJAOONTIZOMENOS
1261 2653 1265 2660 Ι

160 2687 170 2718 ·’
290 2695 322 2746 ιι.
342 2696 464 2749 Ribbeck.
485 2712 549 2747 com.
569 2698 613 2748 rel.
634 2715 657 2764 p.
678 2705 700 2748 5.

1327 2355 1328 2410 l

1327 2451 1328 2514 l

1327 2561 1328 2604 l

1327 2661 1328 2716 l

309 2829 520 2900 Charisiust
506 2834 569 2900 tria
599 2833 693 2899 huius
723 2834 850 2900 fabulae
876 2833 1062 2920 fragmenta
1024 2831 1185 2897 taffert
1215 2793 1328 2999 (ιιιοιιιιι

220 2935 254 3000 id
276 2938 364 3021 quod
378 2936 573 3004 Ribbeckius
596 2941 701 3027 primo
723 2939 794 3004 loco
815 2939 907 3026 ponit
929 2961 964 3002 ιι
893 2937 1080 3002 tcodice
1101 2937 1220 3002 Plauto
1200 2935 1328 3106 ιιιιιιιἹ

220 3045 290 3120 tur,
324 3065 406 3129 quae
435 3066 486 3110 res
521 3045 671 3109 timidum
705 3045 863 3109 adducere
897 3043 964 3108 l'tor
966 3064 1036 3107 asse
1070 3066 1113 3129 po
1115 3044 1232 3118 ιιιιιιι,
1327 3103 1328 3138 ¹

220 3148 340 3213 Plauto
361 3149 444 3214 hanc
465 3149 607 3215 fabulam
630 3150 822 3217 recensitam
844 3171 914 3214 esse
937 3150 1087 3224 censeat,
1105 3147 1192 3212 sed
1184 3169 1257 3232 ipsa
1271 3145 1311 3208 ιιιι

220 3252 394 3340 fragmenti
368 3255 612 3320 lindolest
563 3260 612 3320 sat
613 3257 640 3320 is
663 3258 715 3320 ost
700 3255 806 3320 tendit
828 3276 885 3318 cur
900 3253 1011 3330 Plauti
1026 3274 1142 3316 nomen
1165 3253 1197 3318 in
1214 3143 1328 3348 Charisi

221 3357 320 3422 verba
347 3360 534 3446 inrepserit,
570 3364 621 3425 est
650 3361 733 3424 enim
764 3360 983 3446 fragmentum
1011 3358 1090 3422 illud
1123 3357 1211 3444 apud
1243 3349 1328 3426 Charl

221 3464 304 3529 sium
313 3453 345 3547 ιι
359 3464 436 3530 hoc:
507 3490 508 3496 ¹
1327 3545 1328 3552 ἵ

361 3541 387 3608 .'
424 3569 694 3635 Acontizomenus
716 3569 827 3634 fabula
848 3573 898 3634 eet
912 3569 1016 3655 prime
1037 3567 1149 3654 proba.
1327 3607 1328 3658 l

222 3676 277 3760 qui
298 3698 409 3742 versus
432 3675 555 3742 scribae
580 3676 613 3740 in
636 3675 823 3740 memoriam
843 3674 1007 3738 revocavit
1030 3683 1209 3739 sermonem
1232 3661 1328 3738 Plauti

158 3858 160 3862 .
221 3803 335 3846 norum
361 3782 590 3868 prologornm,
624 3781 779 3868 deceptus
808 3779 909 3866 igitur
931 3778 992 3843 hoc
1019 3800 1099 3868 sono
1128 3777 1215 3842 aliud
1237 3787 1328 3842 nomer

179 4027 189 4042 υ
294 3960 314 4020 ¹)
333 3959 365 4008 cf.
378 3959 451 4008 Volc.
465 3959 550 4024 Sedlg.
570 3959 639 4022 apud
658 3957 723 4008 Gall.
737 3958 768 4008 N.
782 3957 815 4007 A.
832 3963 872 4019 15,
886 3963 927 4007 aa.
949 3981 982 3994 -
1003 3957 1024 4018 ²)
1042 3957 1105 4006 Hor.
1125 3971 1183 4019 epp.
1204 3961 1228 4016 a,
1247 3961 1271 4016 u,
1290 3951 1328 4002 ιιι

222 4047 306 4110 Digne
325 4045 448 4097 Naevium
461 4047 555 4098 laudat.
576 4047 748 4096 Mommrerus
767 4042 802 4094 Ῑῐι
815 4059 840 4108 p.
856 4049 914 4096 881.
936 4069 968 4080 α
988 4046 1009 4106 ⁸)
1027 4059 1051 4109 p.
1072 4049 1121 4094 an
1142 4045 1174 4093 K.
1327 4049 1328 4054 ’
