2734 4610
479 209 690 303 A...

100 393 298 460 Ciceronem
328 393 523 462 delectatum
559 417 629 460 esse
663 395 826 462 luculenta
859 399 1047 476 narratione
1078 398 1152 464 belli

11 501 134 566 ’unici
155 523 256 586 supra
277 501 340 564 iam
364 500 522 576 diximum
546 501 678 566 Horatii
693 524 771 567 vero
787 505 936 589 tempore
950 506 1152 589 grammatici

11 627 70 670 ma
97 629 176 671 cum
198 605 283 672 Livii
311 604 462 691 Odyssea
487 605 602 670 Naevii
629 629 756 672 carmon
786 608 819 672 in
848 607 966 672 scholis
994 612 1152 674 tractasse

10 712 198 795 ridentui1)
212 733 276 795 qua
291 710 331 773 de
344 731 379 774 re
394 731 459 774 non
474 710 593 775 leniter¹
603 712 800 776 irascebatur
816 717 914 799 poeta
929 714 1150 800 politissimus.

10 817 169 902 nprimis
191 837 269 880 vero
289 814 515 900 exponendum
537 821 587 880 est
607 838 672 900 qua
694 819 818 882 ratione
847 818 1009 904 Vergilius
1039 818 1153 885 Naevii

10 923 98 988 ›ello
129 943 207 986 usus
237 921 297 996 sit,
327 920 382 1004 qni
411 924 578 1010 tamquam
607 922 846 1010 „mellificantes
882 935 983 1010 apes“
1010 925 1152 1008 undique

10 1028 149 1114 tollegit
171 1027 232 1092 mel
256 1047 321 1109 quo
343 1047 472 1090 carmen
495 1048 589 1091 suum
613 1027 705 1092 dulce
727 1028 887 1092 redderet.
927 1027 1031 1094 Cuius
1052 1052 1152 1114 quum

9 1155 77 1197 nm
105 1155 203 1218 snpra
218 1130 435 1196 attulerimus
464 1131 536 1196 illos
565 1134 653 1198 locos
681 1133 798 1218 quibus
828 1137 940 1220 aperte
969 1156 1010 1199 ex
1037 1135 1153 1200 Naevii

9 1238 157 1302 carmine
179 1239 346 1302 mutuatus
368 1257 438 1300 esse
459 1236 604 1313 videtur,
635 1261 720 1302 nunc
747 1240 877 1304 tantum
890 1239 961 1304 ¹hoc
981 1241 1153 1306 admonen-

9 1343 91 1406 lum
118 1346 184 1418 est,
208 1341 368 1406 nonnullis
389 1341 468 1406 locis
490 1343 672 1428 Vergilium
694 1343 787 1406 aliam
807 1344 945 1419 famam,
974 1343 1109 1408 alienam
1133 1367 1153 1408 a

9 1447 130 1512 Naevii
151 1446 236 1511 hello
257 1447 381 1540 Punico
404 1469 474 1512 esse
496 1452 683 1532 sequutum,
706 1471 745 1513 ne
769 1449 947 1533 siquando
971 1448 1151 1534 Vergilium

9 1559 114 1638 atque
144 1553 304 1618 Naevium
332 1552 417 1616 inter
454 1574 523 1616 sese
554 1553 742 1619 dimicantes
772 1553 964 1634 viderimus,
995 1554 1152 1654 librorum

8 1682 161 1726 errorem
184 1658 320 1742 aliquem
344 1659 553 1744 suspicemur.
874 1653 877 1658 ’
1056 1658 1057 1662 ’

101 1762 268 1847 Namque,
291 1767 331 1828 ut
351 1765 415 1828 iam
439 1787 539 1850 snpra
561 1764 800 1841 adnotavimus,
825 1764 988 1850 Vergilius
1013 1765 1046 1829 in
1067 1761 1152 1828 libro

8 1871 43 1934 u
68 1868 238 1934 Aeneidos
249 1873 274 1951 2)
302 1869 462 1934 Anchisae
484 1890 619 1934 uxorem
643 1871 766 1935 omittit
790 1892 888 1953 quam
912 1870 990 1934 dicit
1011 1867 1152 1933 Naevius

8 1998 89 2040 cum
113 1975 229 2040 ceteris
251 1974 351 2038 Troia
372 1974 503 2061 fugisse.
516 1979 542 2060 ³)
1086 1973 1090 1984 '

102 2080 231 2146 Deinde
246 2079 410 2166 Vergilius
431 2085 542 2147 narrat
564 2078 728 2144 Anchisen
750 2077 882 2144 fulmine
905 2101 975 2144 esse
998 2078 1153 2154 adflatum

8 2186 247 2269 oculorumque
269 2185 387 2251 lumine
407 2188 569 2273 privatum
581 2189 615 2266 ⁴),
639 2179 781 2251 Naevius
796 2206 873 2250 vero
889 2183 1052 2252 Anchisen
1077 2205 1154 2248 aves

8 2293 133 2356 vidisse
157 2295 278 2356 narrat.
292 2292 315 2373 ⁶)
878 2363 880 2366 ¹

103 2397 214 2462 Unam
237 2418 365 2480 quoque
387 2384 505 2461 navem'
523 2418 620 2481 quam
642 2396 825 2461 Mercurius
850 2393 980 2471 fecerit,
1009 2396 1153 2461 Aeneam

8 2503 166 2569 habuisse
188 2505 299 2568 narrat
313 2501 454 2566 Naevius
466 2504 492 2584 6)
514 2525 612 2586 quum
636 2502 750 2587 viginti
772 2523 870 2566 naves
884 2501 972 2566 norit
986 2500 1152 2585 Vergilius.

7 2608 205 2683 Postremo,
228 2612 267 2672 ut
289 2608 419 2692 quidem
442 2629 500 2672 nos
523 2607 733 2684 coniecimus,
764 2605 921 2670 Anchises
948 2627 1022 2670 cum
1043 2604 1155 2670 Aenea

10 2719 48 2777 et
82 2711 312 2799 Carthaginem
343 2718 375 2778 et
404 2713 436 2777 in
467 2712 590 2777 ltaliam
621 2713 726 2786 venit,
768 2712 801 2774 in
829 2733 893 2795 qua
921 2733 957 2774 re
993 2711 1155 2774 consentit

9 2819 160 2884 Naevius
191 2841 262 2883 cum
294 2816 458 2901 caumeq
495 2819 529 2882 et
564 2840 644 2883 curnv
675 2817 837 2902 Dionysio
866 2815 1118 2904 Halicarnassus,
1128 2818 1155 2895 8)

12 2946 120 3009 quum
145 2927 253 2988 tamen
273 2922 436 3008 Vergilius
466 2946 539 2987 eum
561 2925 594 2987 in
618 2921 727 2988 Sicilia
755 2925 919 2987 mortuum
942 2943 1012 2986 esse
1034 2924 1154 2986 narret.

10 3033 128 3114 Atque
156 3031 201 3093 sic
232 3027 374 3093 fortasse
404 3028 515 3092 multis
542 3028 612 3094 aliis
638 3027 736 3094 rebus
765 3028 928 3113 Vergilius
963 3026 1056 3090 aliter
1086 3047 1154 3089 rem

11 3157 108 3200 suam
138 3135 283 3198 instituit
313 3155 351 3198 ac
380 3133 537 3210 Naevium
567 3139 605 3199 ut
636 3135 719 3197 enim
750 3155 848 3198 unum
878 3131 1059 3217 exemplum
1082 3153 1155 3216 pro-

11 3243 138 3315 feram,
174 3261 239 3303 non
267 3238 374 3304 credo
394 3238 536 3303 Aeneam
569 3263 588 3303 a
616 3238 739 3303 Naevio
770 3237 812 3301 ad
845 3237 977 3302 Actium
1006 3257 1156 3322 promen-

12 3347 139 3411 torium
173 3347 314 3409 tractum
345 3366 414 3408 esse
439 3343 496 3408 ubi
528 3343 733 3430 Vergilianus
769 3343 897 3408 Aeneas
929 3345 1085 3426 tanquam
1105 3342 1155 3435 in

11 3452 171 3516 honorem
194 3452 338 3536 Augusti
359 3456 530 3534 tropaeum
555 3453 698 3514 statuere
721 3472 740 3512 a
762 3453 861 3535 poeta
884 3449 1022 3533 cogitur.

105 3551 261 3620 Ceterum
300 3554 361 3619 nisi
395 3555 459 3618 iam
494 3555 619 3620 Ennius
654 3554 774 3620 bellum
805 3554 964 3620 Punicum
994 3551 1154 3630 oblivione

11 3660 197 3735 obruisset,
228 3659 392 3745 Vergilius
420 3662 507 3724 certe
531 3659 640 3725 effecit
661 3663 700 3723 ut
723 3661 790 3724 eius
814 3659 970 3723 memoria
993 3657 1087 3742 plane
1109 3657 1154 3720 in-

88 3839 107 3898 ¹)
126 3837 177 3886 Pro
205 3847 275 3886 certo
299 3837 350 3886 hoc
377 3837 498 3888 affirmari
525 3839 613 3901 nequit
645 3851 678 3886 cx
702 3838 765 3887 Hor.
791 3852 848 3902 opp.
876 3843 900 3896 2,
931 3843 953 3896 l,
979 3840 1011 3884 52
1037 3841 1065 3883 ut
1093 3833 1155 3883 lecit

12 3926 128 3978 Stievius
146 3940 171 3988 p.
192 3929 233 3974 89.
255 3951 287 3961 -
308 3925 330 3986 ²)
349 3939 385 3974 vr.
409 3928 459 3975 760
476 3941 532 3989 sqq.
553 3953 584 3962 —
606 3927 626 3988 ³)
647 3925 679 3975 cf.
699 3923 768 3975 Serv.
788 3927 820 3974 ad
839 3925 906 3974 Aen.
927 3929 952 3984 3,
974 3929 1012 3972 10.
1029 3948 1055 3958 -
1079 3923 1101 3985 ⁴)
1121 3921 1153 3972 cf.

12 4015 95 4076 Verg.
114 4013 181 4062 Aen.
204 4020 226 4072 Ι,
246 4019 305 4062 621.
326 4037 358 4047 -
379 4014 400 4073 ⁶)
421 4013 453 4066 cf.
473 4013 602 4063 Proelia
621 4014 700 4078 Verg.
718 4013 773 4064 Ecl.
795 4019 819 4072 6,
838 4018 868 4062 31
890 4029 915 4077 p.
937 4019 967 4061 14
986 4011 1018 4062 K.
1033 4035 1066 4046 -
1080 4011 1101 4072 θ)
1121 4009 1154 4059 ef.

8 4102 87 4162 ‚Sera
108 4101 140 4149 ad
158 4101 225 4151 Aen.
246 4105 271 4161 1,
293 4103 350 4150 170.
370 4127 403 4136 -
424 4103 444 4164 ²)
462 4099 495 4150 ci.
515 4101 587 4152 Serv.
607 4103 640 4150 ud
658 4103 724 4152 Aen.
747 4106 769 4162 1,
789 4103 847 4150 574.
867 4127 900 4136 -
919 4101 941 4161 ⁸)
964 4105 985 4160 l,
1006 4104 1046 4148 64.
