2734 4610
573 191 614 254 35

9 385 143 471 ingenii
165 387 313 450 veterum
336 384 571 459 Romanorum,
602 381 724 448 nullum
747 369 871 447 corbam
894 383 985 446 extat
1016 369 1159 446 testimo-

9 491 111 556 nium
146 494 222 554 ante
243 480 385 554 'Livium
411 489 564 575 continua
592 491 690 571 atque
725 487 828 572 polita
862 473 1004 552 carmina
1037 487 1160 552 Romae

9 594 132 658 fnisse.
169 595 282 660 Livius
303 615 380 659 vero
402 589 668 680 primus'epicum
691 606 818 658 carmen
838 590 982 657 condidit
1004 593 1161 657 vertenda

17 698 176 784 Odyssea
206 699 345 764 Homeri
374 699 463 783 quod
497 721 596 784 quum
609 699 759 763 -vidisset
793 695 936 762 Naevius
971 691 1073 764 elatus
1102 699 1174 763 rei.

19 804 171 890 publicae
193 805 602 890 Romanae'magnitudine
623 804 688 901 iam
711 807 781 870 tum
796 791 920 871 felicem
941 803 1028 868 illam
1058 803 1161 868 aleam

19 911 100 973 iecit
128 912 167 972 ut
196 909 331 973 auderet
367 924 442 974 vere
472 910 654 975 Romanum
683 909 821 975 condere
853 931 997 985 carmen,
1031 929 1095 992 quo
1128 910 1162 974 in

22 1013 157 1078 consilio
183 1013 279 1102 nullis
304 1015 421 1100 opibus
448 1014 577 1079 adiutus
605 1013 692 1078 solus
721 1015 887 1101 propriam
920 1013 1162 1102 ingrediebatur

26 1121 127 1183 viam.
169 1119 278 1204 Atque
306 1120 352 1184 sic
375 1119 460 1184 idern
489 1123 588 1206 poeta
617 1108 729 1184 eodem
752 1121 893 1185 carmine
921 1123 954 1184 et
978 1117 1161 1206 Odysseam
1257 1175 1260 1186 .

34 1227 69 1287 et
91 1223 231 1300 iliadem,
248 1229 286 1288 nt
300 1226 347 1290 ita
363 1225 476 1302 dicam,
492 1226 683 1301 Romanam,
707 1217 832 1290 errores
855 1229 889 1289 et
904 1225 1022 1290 bellum
1040 1225 1162 1290 civibus

27 1329 96 1392 suis
118 1327 194 1394 dare
215 1332 351 1394 conatus
374 1334 434 1394 est.
474 1329 549 1410 Qua
563 1331 595 1394 in
618 1353 654 1396 re
676 1331 704 1394 si
726 1332 796 1413 quis
818 1331 1051 1416 vituperaverit
1074 1329 1163 1414 quod

26 1433 68 1498 ab
91 1457 153 1499 ovo
176 1435 319 1521 coeperit
341 1440 452 1521 poeta,
482 1441 571 1501 certe
593 1437 830 1502 excusationem
850 1435 987 1501 habebit
1006 1437 1077 1521 ipsa
1099 1456 1164 1499 ma
1230 1457 1231 1462 ¹

25 1541 129 1604 teriae
154 1525 284 1616 natura,
306 1557 462 1626 'namque
494 1542 567 1627 ipse
591 1541 733 1606 Naevius
767 1541 1005 1626 quodammodo
1028 1540 1164 1605 sensisse
1206 1622 1209 1624 ,

27 1646 167 1722 videtur,
184 1645 302 1711 bellum
316 1645 474 1712 Punicum
496 1667 561 1711 non
577 1643 646 1712 esse
669 1647 775 1711 simile
790 1647 874 1712 bello
889 1647 1040 1723 Troiano,
1064 1665 1164 1730 quum

26 1749 260 1836 etmythiset
246 1750 433 1817 theroibus
456 1757 581 1817 careret
603 1751 676 1817 belli
698 1752 888 1818 Punioit
835 1755 888 1817 aet
889 1773 935 1816 as.
1028 1785 1030 1794 ν

117 1859 239 1940 ltaque
255 1855 364 1922 fausto
387 1859 484 1923 animi
503 1846 607 1944 impet
608 1881 629 1922 n
592 1856 807 1922 tttraheba
793 1861 848 1922 tur
870 1858 911 1921 ad
932 1858 1013 1923 illud
1035 1860 1164 1943 tempus

33 1962 120 2045 quod
141 1963 275 2028 carmini
287 1964 388 2048 epioc
412 1964 618 2049 propriumt
603 1962 769 2028 tribuebat
785 1961 936 2028 colorem.
983 1962 1102 2043 Qnin'
1093 1985 1165 2052 rpsa

31 2068 248 2131 Romanarum
274 2067 440 2132 literarum
464 2068 569 2134 indole
591 2069 633 2132 ad
656 2069 798 2133 Aeneam
828 2066 916 2130 delat
901 2069 955 2130 tus
976 2090 1045 2132 esse
1067 2071 1165 2153 poeta

33 2173 169 2236 videtur.
201 2170 313 2252 Quum
336 2174 419 2237 enim
435 2173 548 2238 Livius
570 2177 645 2240 ante
660 2195 780 2260 paucos
802 2195 902 2238 annos
920 2172 1024 2239 Ulixis
1039 2193 1165 2238 errores

34 2281 209 2354 narrasset,
233 2277 312 2342 nihil
334 2283 404 2344 erat
427 2279 560 2364 propius
584 2301 680 2363 qnam
703 2285 740 2350 ut
764 2280 853 2344 ducis
873 2279 1011 2345 Romani
1040 2299 1165 2343 errores

32 2387 250 2448 narrarentur.

121 2486 247 2553 Caussa
261 2510 342 2554 vero
354 2509 413 2552 cur
426 2511 493 2554 non
507 2489 682 2554 Aeneidem
698 2489 800 2554 solam
815 2491 980 2576 scripserit
995 2489 1050 2554 sed
1066 2503 1167 2574 parva
1252 2477 1253 2482 ἵ

36 2593 174 2677 quadam
190 2595 332 2660 Aeneide
347 2593 496 2658 absoluta
507 2586 732 2679 'transgressus
748 2595 791 2660 sit
805 2595 846 2658 ad
863 2595 980 2658 bellum
996 2594 1166 2670 Punicum,

39 2700 89 2762 est
118 2697 226 2762 eadem
254 2719 336 2784 qnae
363 2702 395 2762 in
425 2699 563 2785 Vergilii
590 2699 767 2764 Aeneidem
795 2698 943 2765 Marcelli
973 2699 1167 2762 mentionem

9 2853 10 2858 ι
36 2803 187 2879 intrusit,
210 2803 289 2869 latet
312 2806 396 2870 enim
418 2804 510 2870 hoc
502 2827 535 2868 m
556 2805 685 2890 ingenio
707 2805 856 2870 Romano
885 2804 924 2870 ut
953 2805 1092 2889 ubique
1089 2802 1169 2869 fere

36 2909 150 2973 adres
173 2931 231 2972 sua
252 2913 361 2974 aetate
383 2915 454 2996 gest
456 2931 491 2974 aa
440 2910 680 2979 t.ducantnr

39 3057 51 3078 .
123 3011 189 3080 Sed
219 3035 319 3098 quum
351 3016 398 3081 sic
426 3016 593 3102 aptissima
622 3017 746 3080 ratione
776 3015 895 3081 bellum
925 3019 958 3079 et
980 3015 1071 3100 origo
1094 2986 1170 3078 belli

39 3121 316 3196 connecterentur,
332 3142 431 3185 unum
448 3121 691 3205 quoddamt
627 3121 691 3185 fuit
704 3121 819 3186 Naevii
840 3142 931 3206 opus,
948 3141 1012 3205 qua
1033 3140 1069 3183 re
1089 3117 1170 3184 Nae-
1196 3196 1198 3200 .

37 3225 105 3287 vius
120 3227 190 3288 cert
192 3247 210 3288 e
176 3223 365 3290 tEnnium
382 3227 554 3312 superavit,
578 3227 653 3292 licet
673 3227 726 3291 ille
740 3225 941 3313 praestiterit
963 3226 1023 3290 et
1017 3245 1171 3316 versuum

37 3327 190 3393 facilitate
212 3332 245 3394 et
267 3329 424 3417 elegantia
443 3333 609 3422 sermonis.

124 3436 201 3499 lure
230 3436 332 3522 igitur
362 3441 396 3501 et
424 3436 565 3503 Naevius
592 3438 654 3502 hoc
683 3437 823 3505 carmine
852 3435 1074 3501 delectabatur
1084 3438 1110 3520 1)
1139 3438 1173 3501 et

39 3541 151 3623 postea
175 3529 291 3616 Cicero
315 3541 398 3606 dixit
421 3565 548 3608 carmen
570 3540 685 3607 Naevii
707 3543 866 3630 eiusmodi
888 3563 957 3606 esse
985 3563 1049 3626 quo
1072 3540 1172 3606 deleo

40 3645 100 3707 tari
113 3646 233 3730 possis3
257 3667 452 3732 quamquam
476 3649 628 3739 maiorem
641 3643 779 3736 *laudem
794 3651 893 3738 poeta
915 3646 976 3710 sibi
998 3645 1172 3710 comoediis

41 3751 176 3824 meruit,
217 3753 357 3834 namque
397 3757 429 3817 et
469 3753 514 3818 ab·
548 3753 749 3838 Hieronymo
778 3751 975 3816 nominatur
990 3741 994 3746 ¹
1009 3747 1173 3828 „Naevius
1221 3737 1225 3746 ¹

42 3851 215 3936 Comicus“
237 3859 271 3920 et
293 3857 375 3922 solet
397 3857 464 3958 fere
488 3881 560 3923 cum
583 3858 704 3923 Plauto
726 3857 884 3943 componi.

111 4084 183 4150 ¹>cli
204 4084 257 4136 Cic.
278 4087 343 4139 Cato
361 4089 397 4138 M.
422 4089 461 4151 14,
481 4095 522 4139 50.
