2712 4630
546 165 587 226 93

17 357 83 420 uta
114 353 300 420 comoediae
325 354 510 443 fragmenta
537 354 648 442 posuit
670 351 866 418 Ribbeckius
878 351 913 442 ¹),
944 351 1002 418 sed
1028 376 1129 440 quum

17 483 52 526 rc
76 459 299 548 fragmentum
323 459 404 526 bene
425 461 459 524 in
472 460 661 547 Lycurgum
684 458 821 544 quadret
837 480 1000 543 quumque
1014 481 1034 524 a
1049 460 1130 528 Var-

16 587 76 632 rne
101 567 214 632 intime
237 566 450 653 coniungatur
471 587 544 632 cum
566 565 628 630 alio
649 563 831 652 fragmento

64 671 273 751 „Diabothra
291 672 325 735 in
346 671 481 758 pedibus
503 670 645 736 habebat
666 673 735 735 erat
756 670 891 735 amictus
914 671 1082 757 epicroco“

15 778 84 844 uod
107 778 176 864 ipae
198 777 395 867 Ribbeckius
418 799 435 843 e
457 777 610 865 Lycurgo
633 776 771 863 petitum
801 797 871 841 esse
892 778 1061 864 opinatur,
1084 798 1130 843 se·

15 883 126 948 uimur
163 879 379 969 scaligerum,
430 883 486 967 qui
522 882 557 946 id
594 882 750 968 Lycurgo
783 881 964 949 Naevianae
1000 883 1127 950 tribuit.

14 991 108 1068 luam
120 986 279 1054 Graecam
293 973 435 1054 fabl'rlam
451 987 592 1054 Naevius
608 987 811 1074 expresserit,
827 989 1003 1066 nescimus3
1019 1011 1128 1074 quam·

14 1116 95 1177 'uam
116 1094 197 1158 enim
226 1093 307 1160 duos
330 1115 440 1159 versus
462 1093 629 1181 Euripidis
651 1091 852 1158 Baccharum
880 1093 992 1159 laudat
1013 1093 1128 1160 Kluss'-

14 1220 132 1264 rannus
155 1199 211 1284 qui
234 1202 417 1286 congruunt
447 1222 520 1266 cum
543 1199 688 1285 Lycurgi
716 1197 879 1274 versibus,
911 1201 1019 1265 tamen
1048 1200 1128 1266 eius

13 1305 84 1369 nodi
113 1303 260 1370 frustulis
288 1303 367 1370 nihil
397 1304 637 1370 demonstratur
667 1326 767 1388 quum
796 1299 890 1368 facile
916 1304 949 1370 in
975 1325 1011 1370 re
1033 1304 1130 1370 simili

13 1411 95 1476 'erba
116 1410 231 1475 similia
251 1410 375 1476 fierent.
1162 1395 1175 1412 ⁵

57 1515 115 1579 Ad
136 1513 250 1580 Naevii
270 1515 462 1602 Lycurgum
484 1515 708 1598 Ladewicusll
731 1518 839 1582 censet
860 1515 972 1583 Plauti
982 1517 1008 1601 ,3)
1029 1514 1128 1582 verba

12 1619 167 1686 eserenda
187 1641 271 1686 esse:

36 1725 109 1803 „Et
132 1724 258 1810 quidem
274 1724 450 1794 Alcmaeon
473 1728 571 1808 atque
587 1723 723 1792 Orestes
745 1729 778 1792 et
798 1727 972 1814 Lycurgus
992 1730 1107 1815 postea

36 1829 116 1896 Una
138 1831 236 1918 opera
258 1830 336 1895 mihi
360 1833 436 1895 sunt
458 1828 582 1896 sodales
604 1852 668 1915 qua
688 1833 751 1896 iste
774 1877 782 1894 .
807 1842 836 1894 .“

11 1938 81 2021 =t4):
99 1934 303 2014 „Pentheum
326 1936 496 2022 diripuisse
518 1935 608 2000 aiunt
629 1934 813 2029 Bacchas“;
837 1941 947 2001 censet
971 1937 1054 2002 enim
1078 1938 1128 2004 vir

10 2041 109 2107 loctns
131 2039 271 2107 Penthei
294 2043 380 2108 certe
404 2042 598 2106 mentionem
621 2041 655 2106 iu
676 2042 829 2130 Lycurgo
853 2063 922 2107 esse
943 2033 1097 2107 factam.¹
1152 2051 1154 2054 ’

60 2147 242 2230 Aliquanto
262 2145 412 2211 audacius
434 2147 519 2236 idem
542 2146 730 2214 Ladewicus
746 2149 772 2232 5)
798 2147 962 2213 existimat
984 2148 1127 2214 convicia

9 2272 75 2334 quae
98 2251 249 2317 seruntur
270 2253 302 2316 in
317 2252 535 2332 Menaechmis
550 2253 592 2329 V,
612 2261 628 2317 1
652 2253 823 2319 admonere
845 2253 1005 2340 Lycurgi3
1028 2252 1127 2320 habes

10 2355 39 2420 bi
63 2358 193 2444 quidem
216 2358 360 2425 convicia
380 2361 414 2423 in
437 2361 586 2424 ornatum
609 2359 741 2424 alicuius
763 2359 901 2424 hominis
929 2359 1127 2433 aduenientis

9 2461 86 2526 licta
109 2468 140 2528 et
160 2463 304 2530 nonnulli
331 2463 394 2528 loci
420 2462 558 2529 fortasse
585 2463 705 2549 aliquid
728 2465 868 2530 comicae
889 2466 1042 2531 versionis
1066 2467 1127 2552 spi-

9 2571 82 2644 ant,
105 2567 159 2634 sed
178 2592 231 2635 res
254 2569 349 2634 nimis
372 2570 477 2634 tenuis
500 2571 550 2634 est
573 2591 670 2654 quum
691 2572 729 2634 ut
751 2568 803 2634 hic
824 2570 918 2656 plura
940 2569 980 2634 de
1003 2593 1041 2636 ea
1063 2572 1126 2635 dis-

9 2675 113 2738 lutare
134 2672 237 2740 liceat.

354 2871 444 2955 nn.
507 2869 745 2994 uncino

63 3006 98 3060 cf.
119 3007 242 3058 Ribbeck.
261 3024 326 3062 com.
345 3011 389 3060 rel.
409 3027 434 3076 p.
454 3017 492 3061 14.

79 3109 189 3176 Varro
211 3116 383 3198 postquam
405 3114 438 3180 in
461 3114 572 3180 ordine
594 3113 649 3180 illo
672 3135 767 3200 saepe
785 3113 851 3176 iam
865 3111 997 3178 laudato
1013 3109 1126 3178 Naevii

9 3199 250 3303 Lampadionem
274 3220 536 3285 commemoravit
557 3221 641 3284 inter
662 3218 745 3284 hanc
765 3217 907 3282 fabulam
931 3221 965 3284 et
986 3216 1124 3306 Stigma-

9 3317 71 3384 aiam
97 3321 176 3387 dicit
197 3323 252 3398 „in
274 3323 459 3410 Nagidone:

151 3427 338 3506 elucidatus,
362 3431 496 3514 suavisl)
625 3418 628 3426 ¹
885 3495 888 3499 .

9 3530 61 3596 od.
86 3531 175 3598 Flor.
206 3533 252 3598 ibi
280 3534 358 3622 legit
386 3533 608 3622 ,‚Nagidone“,
640 3533 748 3608 Goth:
781 3536 969 3624 nagidione,
1004 3535 1122 3600 Haun:

9 3637 159 3722 ugicione,
192 3639 269 3706 Par.
299 3663 335 3705 a:
370 3641 527 3730 agidone,
563 3641 687 3706 omittit
719 3664 836 3707 nomen
867 3640 942 3707 Par.
973 3640 1003 3706 b.
1049 3639 1124 3706 Hoc

9 3743 93 3828 gitur
126 3767 239 3832 reapse
272 3749 382 3834 patet,
419 3745 546 3812 fabulae
581 3769 698 3813 nomen
731 3749 788 3812 aut
821 3746 862 3812 ab
891 3747 922 3812 L
953 3745 1047 3812 litera
1079 3747 1123 3811 in·
1157 3798 1159 3802 ,

9 3883 231 3896 U—-n———n

62 3978 83 4038 ¹)
101 3976 134 4028 N.
157 3982 195 4028 13.
216 4003 248 4014 -
269 3977 291 4040 ²)
309 3978 353 4027 An
378 3993 447 4030 scen.
463 3993 489 4044 p.
512 3985 550 4029 12.
570 4005 603 4015 -
623 3979 644 4041 θ)
663 3977 736 4044 capt.
756 3983 781 4040 3,
800 3984 825 4039 4,
844 3981 886 4028 30.
901 4004 933 4014 -
953 3979 975 4041 ⁴)
994 3978 1075 4029 Mero.
1095 3982 1120 4041 2,

9 4089 19 4120 κ,
38 4068 57 4112 1,
80 4091 112 4102 -
133 4065 155 4127 ὅ)
173 4065 224 4116 An.
242 4079 278 4117 sc.
296 4083 320 4132 p.
342 4071 380 4116 14.
401 4093 433 4104 -
453 4066 509 4129 ο)1.
528 4065 544 4115 l.
566 4067 589 4129 7,
610 4070 666 4117 10⁷.
