2734 4610
507 175 719 274 ...J-.-

31 383 118 426 vero
142 361 348 446 exciperetur
377 373 477 444 quum
499 361 527 425 is
552 359 661 426 tamen
684 363 718 426 et
739 361 795 428 ιιιο
823 364 971 449 tempore
1000 362 1114 428 florere
1135 364 1180 433 in·

33 467 165 552 ciperet
187 469 221 530 et
243 465 283 530 ab
307 466 379 550 ipso
396 463 551 530 Cicerone
561 469 586 549 1)
599 489 663 530 una
678 489 750 560 cum
766 464 888 532 Naevio
911 467 1093 554 exemplum
1107 469 1181 554 puri

34 571 200 636 sermonis
222 570 409 634 nominetur
437 592 502 654 quo
524 571 637 636 Laelia
658 593 717 634 usa
744 572 796 636 sit.
843 569 1078 657 coniungenda
1105 575 1180 637 sunt

32 676 143 760 igitur
165 674 339 738 illaverba
362 696 435 739 cum
457 675 496 738 iis
519 697 601 758 quae
624 677 735 740 statim
758 676 954 742 antecedunt
969 697 1181 761 caussamque
1281 708 1286 720 ¹

35 780 230 866 exprimunt
253 801 310 844 cnr
331 783 434 844 Varro
457 777 571 844 Naevii
592 780 693 844 vitam
716 780 919 865 produxerit,
943 767 1073 846 videtur
1096 781 1179 846 enim

35 885 121 950 haec
143 885 212 948 eins
234 883 318 948 ratic
340 881 440 948 fuisse
462 888 500 948 ut
522 884 703 968 aequalium
725 889 896 970 poetarum
918 885 988 950 dies
1011 905 1180 970 supremos

35 990 142 1054 nimio
174 989 331 1074 temporis
366 989 473 1073 spatio
507 989 674 1074 seiungere
707 988 856 1054 noluerit.
902 989 999 1055 Unde
1033 994 1179 1076 apparet,

35 1095 226 1162 Varronem
249 1095 337 1158 certe
361 1092 433 1184 plus
456 1114 553 1177 quam
578 1093 704 1159 duobus
734 1097 825 1158 annis
847 1095 949 1159 vitam
971 1093 1086 1168 Naevii
1108 1116 1180 1181 pro-

42 1199 191 1274 duxisse,
224 1197 319 1263 simul
340 1219 417 1262 vero
440 1197 603 1280 videmus¹
639 1199 707 1263 eius
734 1199 895 1264 rationem
921 1199 1035 1266 cedere
1063 1199 1181 1266 debere
1299 1241 1303 1248 ·

38 1301 207 1368 veteribus
229 1302 467 1367 commentariis
474 1324 572 1386 quos
596 1300 712 1368 Cicero
732 1304 882 1389 inspexit.

148 1407 285 1474 Praeter
307 1429 425 1471 anunm
441 1429 507 1491 quo
522 1405 663 1472 Naevius
680 1410 829 1474 mortuus
844 1411 894 1472 est
909 1409 1023 1472 notum
1043 1374 1095 1471 est
1115 1429 1179 1491 quo

37 1513 107 1580 fere
132 1516 281 1598 tempore
303 1512 444 1597 primum
467 1510 593 1577 fabulas
616 1512 763 1578 docuerit
786 1513 892 1598 quode
915 1533 1016 1597 quum
1036 1513 1181 1576 testimo-

38 1619 131 1683 nium
155 1617 290 1682 dubium
312 1617 356 1680 sit
377 1621 411 1682 ct
433 1617 494 1682 viri
516 1616 605 1682 docti
627 1617 757 1683 dissent'
733 1621 817 1683 trent
825 1665 834 1694 ,
862 1617 970 1704 paullo
994 1616 1177 1682 accuratius

37 1722 268 1808 inquirendum
283 1726 342 1786 est.
382 1719 544 1804 Gellius2)
564 1722 663 1786 enim:
691 1723 804 1804 „Anno
820 1722 943 1798 deinde,
967 1721 1081 1807 inquit,
1104 1728 1180 1808 post

38 1831 181 1896 Romam
203 1827 365 1894 conditam
388 1827 646 1912 quingentesimo
668 1829 905 1894 undevicesimo
935 1826 993 1915 sp.
1018 1825 1180 1893 Carvilius

40 1935 139 2020 Ruga
160 1935 286 2020 primus
307 1933 431 1997 Romae
454 1932 493 1996 de
516 1932 692 1996 amicorum
719 1932 880 1996 sententia
908 1932 1084 1997 divortium
1106 1953 1179 1996 cum

41 2061 145 2105 uxore
177 2039 256 2104 fecit
289 2037 378 2122 quod
409 2036 528 2102 sterilis
562 2039 647 2102 esset
678 2037 879 2120 iurassetque
912 2038 998 2121 apud
1032 2056 1180 2100 censores
1206 2059 1208 2064 ·
1284 2079 1289 2096 .

39 2165 176 2208 uxorem
199 2165 234 2208 se
255 2142 392 2207 liberum
413 2143 674 2226 quaerundorum
697 2162 810 2208 caussa
835 2139 971 2215 habere,
1003 2140 1180 2223 eodemque

43 2271 128 2316 auno
145 2246 204 2312 Cn.
220 2246 361 2322 Naevius
384 2249 482 2333 poeta
503 2246 628 2312 fabulas
658 2247 744 2331 apud
770 2246 927 2334 populum
950 2245 1053 2322 dedit,
1083 2265 1179 2328 quem

42 2354 93 2418 M.
116 2353 222 2420 Varro
251 2353 286 2416 in
315 2353 436 2435 libr0⁸)
465 2353 505 2416 de
533 2353 640 2438 poetis
666 2352 771 2438 primo
802 2351 962 2438 stipendia
987 2348 1102 2416 fecisse
1132 2350 1194 2438 ait

42 2457 127 2523 bello
149 2457 289 2524 Poenico
312 2458 418 2542 primo
439 2456 537 2542 idque
558 2459 664 2545 ipsum
687 2456 846 2522 Naevium
869 2455 975 2520 dicere
996 2455 1030 2518 in
1053 2476 1091 2519 eo
1114 2467 1180 2518 oar-

43 2563 130 2628 mine
153 2561 239 2646 quod
260 2562 300 2626 de
323 2561 435 2626 eodem
458 2561 541 2626 bello
564 2561 727 2646 scripsit.“
1154 2647 1159 2652 .

133 2665 249 2730 Nullus
276 2665 355 2730 alius
385 2666 474 2732 locus
505 2669 596 2732 extat
622 2665 679 2730 ubi
706 2665 746 2729 de
775 2668 923 2750 tempore
945 2665 1015 2747 'quo
1037 2663 1194 2747 primum

48 2768 190 2836 Naevius
212 2767 335 2835 fabulas
359 2771 448 2836 dedit
475 2774 530 2835 vet
532 2791 601 2834 eres
628 2769 821 2853 loquuntur3
851 2769 928 2854 quid
950 2790 1026 2834 vero
1054 2791 1095 2834 ex
1116 2769 1179 2836 hoc

44 2877 115 2942 loco
146 2875 290 2942 eliciatur
317 2879 433 2962 postea
459 2875 687 2942 videbimus
661 2897 688 2938 sr
711 2874 751 2940 de
777 2873 876 2982 dubia
903 2875 977 2940 anni
1003 2874 1098 2940 huius
1125 2897 1179 2940 no
1243 2948 1245 2952 ¹

45 2983 167 3048 tatione
189 2981 374 3048 dixerimus.

130 3083 279 3170 Namque
301 3085 364 3150 alio
386 3084 458 3150 loco
466 3087 493 3169 )
520 3084 607 3150 idem
631 3082 755 3152 Gellius
772 3031 870 3150 dicit:
917 3081 1073 3162 „Servius
1103 3106 1179 3168 quo

46 3212 107 3274 que
147 3187 351 3276 Sulpicius
342 3213 375 3254 m
407 3190 491 3255 libro
525 3212 621 3274 quem
655 3191 837 3276 composuit
870 3188 910 3254 de
942 3189 1073 3256 dotibus
1107 3193 1179 3254 tum

45 3294 185 3379 primum
208 3294 372 3359 cautiones
393 3295 440 3359 rei
462 3295 597 3360 uxoriae
619 3296 811 3364 necessarias
838 3315 908 3360 esse
929 3294 1014 3360 visas
1037 3294 1177 3398 scripsit,

47 3421 142 3482 quum
167 3396 226 3484 Sp.
250 3396 427 3478 Carvilius,
456 3400 508 3464 cui
530 3399 626 3485 Ruga
649 3389 985 3519 cognomentumt
922 3399 999 3476 fuit,
1021 3400 1071 3465 ιιι
1070 3372 1192 3464 nobi.

46 3503 99 3580 lis,
129 3503 304 3572 divortium
335 3526 408 3570 cum
437 3525 539 3569 uxore
567 3501 660 3568 fecit
673 3505 750 3588 quia
775 3504 867 3570 liberi
896 3527 937 3570 ex
967 3525 1005 3568 ea
1035 3504 1179 3589 corporis

47 3609 122 3674 vitio
147 3631 213 3674 non
241 3607 412 3694 gignerent
413 3631 468 3686 ur,
511 3631 595 3673 anno
627 3608 717 3674 urbis
748 3609 906 3682 conditae¹
922 3608 1180 3694 quingentesimo

46 3713 192 3780 vicesimo
220 3713 337 3789 tertio,
374 3713 423 3780 M.
450 3713 567 3791 Atilio,
598 3713 637 3779 P.
665 3713 798 3782 Valerio
826 3713 1042 3781 consulibusr‘
1069 3710 1072 3712 ’
1095 3710 1179 3778 Con-

116 3957 186 4020 θυι.
206 3958 260 4010 Cic.
281 3960 312 4010 de
331 3970 394 4010 οιιι.
415 3966 440 4022 ³,
461 3966 503 4022 la,
521 3966 563 4010 45.
590 3985 621 3997 -
646 3963 668 4023 ¹)
687 3960 719 4010 cf.
740 3959 805 4012 Geli.
829 3917 860 4010 Νι
886 3961 919 4010 Δ.
942 3962 982 4022 lt,
1007 3966 1049 4021 al,
1070 3951 1116 4010 215.
1145 3984 1178 3996 ·-

48 4047 68 4108 ἓ)
86 4043 116 4096 ιι.
133 4045 302 4099 Riucheliurn
320 4048 378 4098 Par.
397 4063 422 4112 p.
445 4053 501 4098 136.
522 4073 555 4084 -
574 4048 597 4112 ⁴)
616 4047 648 4098 cs.
669 4047 734 4098 Gell.
753 4049 784 4098 N.
804 4049 837 4098 Α.
858 4055 883 4110 4,
902 4053 925 4097 ³.
