2734 4610
767 193 786 254 6
807 263 811 266 ,

210 400 292 464 quos
320 401 338 443 e
369 377 476 445 Gellio
488 381 514 463 ¹)
544 374 724 444 adscribam
748 363 887 446 scribere
915 402 980 447 non
1009 381 1152 468 potuisse
1178 382 1239 446 nisi
1269 385 1350 469 post

207 483 352 570 pugnam
376 484 464 570 apud
487 484 619 548 Zamam
641 484 778 549 factam:

254 588 381 669 „Etiam
404 589 533 672 quires
556 611 652 652 manu
675 611 809 674 magnas
831 611 928 676 saepo
950 591 1050 677 gessit
1072 589 1225 677 gloriose,

254 691 356 757 Cuius
379 693 465 757 facta
479 695 553 758 viva
567 715 652 757 nuno
665 694 776 779 vigent
792 693 847 789 qui
859 695 951 780 apud
966 698 1079 780 gentes
1095 695 1183 759 solus
1197 698 1351 782 praestat

215 839 220 850 -
252 797 338 862 Eum
362 818 439 860 suus
462 801 555 883 pater
577 819 650 860 cum
673 798 770 882 pallio
793 797 834 861 ab
856 799 959 863 amica
981 799 1118 864 abduxit
1140 803 1232 867 uno.“
1314 841 1316 844 -

206 951 209 956 .
298 899 481 986 Scipionem
505 901 594 965 enim
616 900 728 966 dicunt
751 903 805 966 illa
833 925 943 990 pugna
965 904 1006 968 ad
1029 925 1189 968 summum
1220 904 1352 990 gloriae

207 1004 375 1090 fastigium
398 1003 600 1083 adscendise3
630 1008 687 1071 sed
709 1006 790 1071 aliae
811 1005 923 1072 laudes
938 1009 1036 1072 etiam
1058 1012 1134 1074 ante
1155 1009 1240 1072 illam
1268 1031 1351 1095 pug-

204 1131 282 1172 nam
307 1109 348 1173 ab
371 1109 440 1174 aliis
455 1111 489 1173 in
505 1109 689 1198 Scipionem
706 1110 824 1174 effusae
840 1116 916 1176 sunt
938 1135 1052 1196 „quem
1068 1115 1181 1179 civitas
1196 1114 1349 1178 invenem

207 1213 384 1277 admodum
410 1216 649 1301 recuperandae
670 1215 850 1300 Hispaniae
883 1214 1040 1302 delegerit
1071 1218 1203 1293 ducem,
1236 1239 1349 1301 quem,

206 1322 339 1404 recepta
365 1317 406 1382 ab
436 1318 585 1407 hostibus
608 1311 830 1404 Hispania‘ad
852 1320 1080 1405 imponendum
1104 1319 1228 1385 Punico
1261 1321 1348 1388 bello

205 1420 303 1486 finem
333 1425 489 1489 creaverit
519 1423 699 1500 consulem,
729 1445 786 1510 spe
814 1424 1023 1489 destinaverit
1052 1424 1271 1490 Hannibalem
1313 1450 1346 1492 er

206 1525 303 1591 ltalia
326 1528 564 1603 detracturum,
592 1526 738 1592 Africam
760 1527 1034 1612 subacturum.“²)
1074 1530 1191 1613 Itaque
1214 1531 1346 1595 etiamsi

207 1629 368 1718 Scipionis
391 1633 494 1720 gloria
515 1631 570 1695 illa
592 1653 703 1717 pugna
725 1632 830 1696 sidera
851 1631 979 1718 tetigit,
1008 1635 1118 1698 tamen
1140 1634 1204 1697 iam
1231 1637 1345 1720 paullo

207 1739 283 1801 ante
302 1740 394 1801 tanta
416 1739 486 1801 erat
500 1739 540 1800 ut
554 1734 710 1801 Naeviani
725 1757 836 1822 versus
859 1736 982 1822 optime
996 1737 1029 1801 in
1044 1753 1116 1802 eam
1133 1739 1345 1823 quadrarent.

294 1841 412 1906 Restat
441 1843 479 1906 ut
506 1861 608 1927 pauca
630 1840 671 1906 de
694 1841 853 1907 Varronis
881 1843 1040 1906 sententia
1066 1844 1223 1908 addamus
1247 1847 1310 1928 qui
1332 1869 1345 1910 e

207 1946 393 2012 testimonio
425 1943 591 2011 Ciceronis
624 1967 723 2032 supra
752 1939 850 2011 allato
860 1949 886 2030 ³)
919 1947 1019 2012 vitam
1046 1947 1160 2014 Naevii
1195 1926 1355 2014 extendit

206 2072 438 2138 supraannum
455 2055 529 2115 550.
568 2049 676 2132 Quem
692 2052 719 2114 si
733 2050 973 2117 Klussmannus
988 2053 1036 2116 ita
1051 2075 1124 2118 cum
1139 2051 1344 2139 Hieronymo

206 2156 400 2240 coniungere
430 2155 541 2219 studet
566 2157 605 2219 ut
627 2155 714 2219 dicat
735 2155 917 2220 Varronem
947 2156 1075 2221 duobus
1103 2158 1193 2220 annis
1224 2160 1343 2244 produ·

206 2261 291 2325 risse
314 2259 413 2324 vitam
430 2257 552 2335 Naevii,
575 2280 690 2324 vereor
711 2281 752 2324 ne
774 2258 906 2344 fallatur
927 2261 978 2326 vir
1000 2260 1127 2324 doctus.
1174 2258 1240 2326 Sed
1264 2262 1344 2346 quid

206 2365 247 2429 de
270 2367 342 2430 toto
357 2363 429 2428 loco
445 2364 637 2429 censendum
653 2365 697 2428 sit
718 2385 759 2429 ex
773 2364 946 2430 verborum
962 2385 1044 2448 quae
1058 2386 1158 2450 supra
1173 2363 1344 2431 attulimus

205 2491 352 2536 connexu
374 2468 510 2556 patebit.
556 2466 668 2548 Quum
690 2469 774 2533 enim
798 2467 913 2534 Cicero
939 2461 1084 2552 loquitur
1107 2470 1147 2532 de
1169 2490 1252 2533 anno
1277 2475 1345 2536 550

206 2573 298 2638 addit
326 2555 422 2638 haec:
461 2573 562 2656 „illius
593 2577 702 2638 autem
732 2571 848 2637 aetatis
871 2573 926 2656 qui
949 2595 1054 2638 sermo
1076 2571 1176 2638 fuerit
1198 2594 1238 2636 ex
1260 2571 1346 2640 Nae

205 2677 316 2746 vianis'
331 2679 461 2766 scriptis
483 2678 625 2765 intellegi
647 2680 768 2765 potest.
813 2677 876 2743 His
906 2679 991 2743 enim
1021 2668 1218 2753 oonsulibus,
1246 2680 1284 2741 ut
1311 2680 1345 2742 in

205 2783 370 2849 veteribus
393 2783 633 2849 commentariis
657 2783 816 2868 scriptum
839 2785 907 2859 est,
938 2782 1080 2848 Naevius
1103 2787 1154 2847 est
1178 2785 1343 2846 mortuus:

206 2909 402 2974 quamquam
413 2889 521 2955 Varro
541 2889 662 2963 noster,
686 2878 949 2972 diligentissimus
971 2886 1186 2973 investigator
1207 2887 1344 2970 antiqui-

206 2994 295 3070 tatis,
318 2995 416 3084 putat
438 2993 471 3056 in
492 2991 554 3058 hoc
569 2979 712 3058 erratum
727 2993 894 3076 vitamque
908 2989 1022 3056 Naevii
1037 2991 1189 3077 producit
1202 2991 1341 3076 longius.

160 3151 162 3156 ,
206 3097 292 3164 Nam
307 3097 445 3163 Plautus
462 3097 578 3184 viginti
601 3097 691 3161 annis
720 3100 797 3184 post
818 3095 889 3160 illos
912 3117 993 3182 quos
1009 3099 1085 3161 ante
1107 3097 1174 3181 dixi
1196 3095 1341 3161 consules

207 3207 356 3270 mortuus
379 3207 445 3281 est,
470 3199 597 3268 Catone
619 3205 780 3268 censore.“

295 3307 458 3375 Videntur
484 3307 584 3372 verba
605 3327 698 3389 ,nam
721 3301 857 3371 Plautus
873 3308 959 3373 etc.“
988 3305 1138 3390 coniungi
1160 3325 1256 3390 posse
1285 3307 1341 3368 aut

206 3433 281 3478 cum
318 3411 427 3478 verbis
463 3411 588 3492 ,Varro
614 3411 767 3496 producit
798 3409 943 3496 longius“
974 3413 1031 3474 aut
1060 3431 1133 3473 cum
1163 3410 1229 3488 „his
1259 3409 1341 3473 enim

206 3515 393 3584 consulibus
414 3505 556 3583 Naevius
589 3517 640 3581 est
658 3518 854 3580 mortuus!
907 3513 972 3580 Sed
1007 3515 1034 3576 si
1068 3514 1150 3578 hano
1183 3512 1340 3578 rationem

207 3622 382 3707 sequimur,
407 3620 616 3687 difficultates
632 3621 825 3686 oboriuntur
846 3619 1065 3705 gravissimae.
1103 3618 1244 3684 Naevius
1260 3618 1342 3682 enim

205 3726 391 3812 exemplum
403 3726 564 3792 diceretur
579 3726 734 3790 sermonis
746 3747 812 3810 quo
823 3747 906 3789 anno
923 3729 987 3788 550
1003 3721 1188 3798 utebantur,
1203 3722 1339 3788 Plautus

278 3972 297 4034 Ι)
317 3971 382 4022 Geli.
404 3971 436 4022 N.
450 3973 484 4022 A.
506 3975 529 4035 7,
544 3978 568 4036 8,
590 3979 613 4022 t.
634 3999 665 4010 -·
681 3971 702 4034 ²)
721 3972 809 4021 Verba
828 3977 916 4022 artant
934 3971 1004 4034 apud
1021 3970 1121 4021 Livium
1137 3973 1179 4032 29,
1198 3973 1231 4019 20
1251 3968 1336 4033 quibua

205 4057 235 4119 Q.
255 4057 375 4110 Metellus
394 4059 512 4112 laudavit
530 4060 684 4125 Scipionem.
706 4087 738 4098 -
758 4061 779 4120 ⁸)
798 4057 852 4110 (lic.
872 4060 944 4110 Brut
967 4063 1007 4118 15,
1027 4062 1068 4107 tl.
