2712 4630
485 287 489 294 ,
560 225 620 283 101

7 407 81 470 suis
107 410 189 472 orta
210 408 276 472 sint
297 409 385 473 vitia.
414 407 695 484 Commemoratur
709 409 832 478 Valerii
852 409 985 498 palliata
997 409 1152 476 Phormio

7 511 278 600 aPriscian0'1).
337 581 338 584 ,

294 710 380 793 LII.
444 710 873 812 QU‘ADRIGEluNI.

90 864 127 916 cs.
148 866 272 916 Ribbeck.
293 882 356 916 com.
375 868 419 917 rel.
438 883 463 933 p.
486 874 523 919 16.

109 993 228 1069 Naevii
256 1002 499 1091 Quadrigemini
526 1007 678 1073 laudatur
708 1030 727 1072 a
754 1007 906 1090 Nonios),
935 1006 976 1073 ab
1006 1004 1152 1088 eodem⁸)

18 1114 224 1174 memoratur
253 1109 348 1176 Novii
379 1110 525 1189 Gemini,
557 1118 590 1178 et
618 1137 638 1178 a
661 1112 765 1179 Gellio
776 1117 801 1194 4)
831 1113 939 1178 Plauti
965 1111 1152 1198 Trigemini,

14 1215 49 1277 in
74 1237 144 1299 qua
163 1237 199 1280 re
223 1217 338 1280 mirum
361 1220 425 1294 est,
452 1221 566 1306 poetas
587 1215 751 1285 Rominos
774 1219 916 1304 coepisse
937 1239 956 1281 a
977 1215 1088 1282 fabula
1109 1217 1153 1281 in-

15 1321 192 1386 tricatiore
214 1325 247 1386 et
269 1322 436 1407 paullatim
458 1325 500 1396 ad
522 1324 747 1411 simpliciorem
770 1323 935 1399 decidisse,
965 1345 1039 1386 nam
1066 1325 1153 1388 certe

18 1445 84 1508 quo
114 1426 225 1512 plures
251 1427 370 1513 gemini
392 1427 425 1492 in
447 1427 555 1494 fabula
577 1433 661 1506 sunt,
691 1451 728 1495 eo
752 1418 915 1495 confusius
941 1428 1087 1493 redditur
1109 1427 1153 1491 fa-

14 1529 121 1595 bulae
143 1535 376 1618 argumentum.
421 1533 474 1597 Ex
496 1538 607 1600 nostra
633 1536 792 1601 sententia
821 1535 923 1598 multo
951 1532 1153 1598 verisimilius

14 1639 86 1713 est,
112 1639 222 1722 poetas
244 1638 370 1703 inverso
394 1639 504 1705 ordine
533 1643 726 1728 processisse
755 1644 792 1707 ut
823 1640 865 1706 ad
894 1637 1153 1726 quadrigeminas

15 1742 164 1826 denique
187 1745 385 1809 ascenderint
408 1767 507 1830 quum
530 1747 694 1831 trigemini
717 1751 749 1812 et
770 1747 890 1834 gemini
918 1746 1068 1810 nonium
1091 1742 1153 1809 suf·
1266 1827 1272 1834 .

16 1845 164 1915 ficerent.
209 1844 347 1915 A'ccedit
370 1850 459 1935 quod
480 1849 593 1916 Naevii
614 1851 787 1917 comoediis
817 1873 943 1937 semper
964 1851 1031 1914 fere
1054 1848 1153 1915 Grae

23 1974 77 2016 cas
114 1955 298 2021 comoedias
334 1956 521 2021 substruere
560 1978 748 2042 possumus,
785 1957 895 2041 itaque
931 1977 1031 2040 quum
1066 1955 1154 2019 nullu

21 2055 155 2123 Graeca
171 2057 416 2147 Quadrigemini
439 2063 537 2139 extet,
551 2059 706 2126 Geminos
727 2083 804 2126 vero
826 2060 1011 2148 scripserint
1031 2059 1152 2138 Alexis,

17 2165 282 2241 Anaxandrides,
304 2166 513 2252 Antiphanes,
535 2161 702 2254 Euphron,
715 2165 917 2246 Xenarchus,
939 2163 1151 2252 Aristophon,

20 2290 164 2352 quorum
195 2269 303 2350 Alexis
337 2273 520 2359 saepissime
553 2272 667 2338 Naevii
701 2276 749 2338 est
784 2274 951 2359 magister,
990 2293 1153 2357 quumque

19 2373 122 2440 Nonii
148 2374 222 2440 libri
251 2376 399 2443 facillime
420 2378 454 2443 id
476 2377 651 2464 patiantur,
682 2381 721 2442 ut
743 2375 1015 2466 Quadrigeminos
1036 2375 1151 2456 Novio,

19 2479 180 2545 Geminos
202 2479 325 2546 Naevio
347 2481 536 2558 tribuamus,
560 2487 725 2547 censemus
747 2482 905 2549 Naevium
928 2506 992 2549 non
1015 2481 1152 2564 Quadri·

24 2583 171 2669 geminos
193 2585 252 2651 sed
277 2583 431 2650 Geminos
453 2587 655 2673 scripsiss05).

365 2817 469 2902 um.
529 2818 810 2904 aouuuus.
910 2769 913 2776 ’

96 2969 130 3021 ci.
150 2973 271 3024 Ribbeck.
290 2963 354 3040 trag.
374 2976 418 3025 rel.
438 2991 462 3042 p.
483 2981 540 3026 235.

114 3075 154 3140 cf.
177 3077 374 3142 Alimonium
396 3079 490 3145 Remi
512 3082 546 3144 et
566 3079 706 3146 Romuli.

346 3246 450 3394 mu.
506 3308 836 3396 saumones.

96 3465 129 3515 ci.
147 3466 268 3517 Ribbeck.
287 3483 351 3518 com.
369 3468 415 3516 rel.
432 3473 525 3533 pm.

113 3566 227 3633 Naevii
243 3567 420 3636 Sanniones
442 3591 539 3655 quam
561 3569 674 3634 laudat
688 3569 852 3655 Nonius⁶),
876 3569 1068 3658 Stephanus,
1091 3570 1153 3635 Bo-

26 3673 125 3750 thius,
155 3674 310 3739 Hertzius
337 3673 458 3742 Naevio
491 3675 706 3761 reliquenmt3
740 3677 839 3742 ceteri
870 3675 936 3741 viri.
964 3675 1052 3742 docti
1083 3677 1152 3741 iure

98 3852 117 3911 ¹)
136 3865 160 3914 p.
180 3855 230 3902 era
249 3851 278 3902 Ρ.
297 3861 323 3902 et
339 3870 364 3918 p.
384 3859 433 3904 712
453 3853 481 3904 Ρ.
502 3880 532 3890 -
553 3855 574 3916 ²)
591 3871 616 3919 p.
639 3855 741 3905 15:311
761 3881 793 3892 -
821 3855 842 3916 ¹)
860 3869 884 3919 p.
904 3859 955 3904 510
973 3853 1008 3903 Μ.
1029 3878 1065 3904 -,
1080 3855 1102 3915 ⁴)
1121 3853 1151 3904 Ν.

26 3939 58 3988 Α.
73 3941 97 3998 7,
112 3943 135 3987 9.
146 3965 178 3974 -
191 3940 213 4001 ⁵)
231 3939 333 3989 Mulieri
352 3955 463 3992 errorem
482 3943 524 4007 qui
543 3943 610 4007 apud
623 3943 765 3992 Varronem
785 3941 816 3991 de
834 3941 850 3990 l.
870 3941 886 3990 l.
907 3943 930 4002 ⁷,
951 3943 986 3990 70-
1001 3957 1047 4006 pro
1066 3941 1153 4006 „quod

27 4025 119 4075 fretum
136 4027 191 4076 est‘
211 4027 320 4076 coniecit
338 4027 563 4092 „Quadripeminffl
581 4031 642 4081 satis
660 4030 749 4080 reiecit
765 4028 920 4079 Bitschelius
938 4028 995 4078 Par.
1016 4045 1040 4094 p.
1061 4031 1101 4078 97.
1121 4026 1152 4078 cf.

26 4113 148 4164 Ribbeck.
167 4129 230 4164 com.
249 4115 294 4165 rel.
314 4131 337 4180 p.
358 4123 389 4166 2⁵
408 4119 457 4168 inc.
475 4116 526 4169 iub.
544 4135 568 4167 n.
588 4124 628 4168 22.
648 4145 680 4154 -
699 4119 721 4180 ⁶)
739 4133 771 4184 p.
784 4121 834 4167 218
855 4116 891 4166 ld
