2712 4630
550 195 594 256 ts

464 275 675 292 ...μ-,-

88 381 288 450 Ribbsskius
314 384 490 467 mecepro
521 381 576 459 „in
596 401 651 445 me
674 378 823 446 habitat“
851 379 981 465 scripsit
1010 378 1066 456 „in
1087 399 1139 448 usa

15 489 133 556 rebeus.
180 485 247 554 Sed
279 487 368 570 quod
384 483 386 488 ’
401 507 512 552 omnes
534 487 591 571 qui
617 484 732 551 Naevii
752 483 934 551 fabularum
955 482 1140 570 fragmenta

15 595 190 669 didernnt,
217 591 360 658 fabulam
381 591 496 658 Naevii
525 612 616 676 quae*
636 590 844 668 „dementes“
864 587 1068 667 inscribitur,
1090 610 1140 656 ac·

15 703 178 787 eperunt,
207 696 395 782 scrupulum
426 696 505 762 mihi
533 698 651 762 movet.
697 694 868 760 Eiusmodi
890 694 975 760 enim
995 692 1138 760 fabulam

15 805 109 891 uagis
132 806 378 888 expectaremus
402 802 458 866 illo
488 805 637 887 tempore
659 822 723 885 quo
746 799 924 866 Sanniones
946 800 1075 887 scripta·
1089 801 1141 864 est

15 931 102 994 {uam
116 908 232 973 Naevii
254 893 371 984 aetate,
395 910 429 972 et
443 907 618 972 laudantur
639 903 770 990 quidem
791 904 921 970 fabulae
937 903 1141 984 Μαινόμινος

15 1015 145 1080 Diodori
167 1011 355 1099 Sinopensis
377 1014 413 1081 et
434 1009 570 1098 Diphili,
594 1010 652 1075 sed
673 1010 756 1074 mira
776 1031 830 1076 res
851 1012 945 1087 esset,
976 1009 1003 1073 si
1024 1008 1140 1095 plurali

14 1120 135 1185 nomine
156 1118 371 1205 inscripsisset
392 1116 534 1182 fabulam
558 1113 682 1182 axillis
705 1135 909 1201 expressam,
941 1134 1007 1180 non
1036 1114 1141 1178 minus

14 1223 74 1288 fere
93 1246 189 1308 quam
211 1223 241 1288 si
257 1218 544 1305 Στεφανοπώλιδας
574 1220 704 1285 nomine
726 1219 898 1306 singularis
924 1220 1050 1287 numeri
1070 1218 1141 1286 red·

14 1329 158 1405 didisset3
191 1326 316 1394 accedit
338 1324 426 1410 quod
447 1323 576 1388 illorum
597 1326 768 1411 poetarum
791 1324 893 1390 nullas
915 1323 993 1388 alias
1014 1322 1141 1390 fabulas

14 1433 167 1520 expressit
188 1431 340 1498 Naevius.
383 1428 477 1496 Haec
498 1429 583 1494 ratio
606 1450 657 1494 me
680 1433 789 1495 movet
815 1432 854 1494 ut
883 1428 1038 1514 abrogem
1058 1426 1141 1494 Nas-

14 1539 59 1604 vio
80 1537 311 1616 „Dementes“,
335 1533 423 1619 quod
443 1531 596 1598 facillima
616 1535 742 1600 ratione
765 1533 904 1600 efficitur
925 1535 953 1598 si
970 1532 1140 1600 Diomedis

13 1643 106 1709 verba
128 1643 175 1707 sic
195 1640 410 1707 restituimus:

135 1749 194 1824 „ut
216 1745 304 1833 apud
325 1743 508 1814 Naevium.
526 1795 534 1811 .
551 1794 559 1811 .
576 1791 585 1808 .
607 1745 641 1810 iu
663 1744 865 1811 dementibus
902 1805 904 1809 .

133 1853 259 1916 animae
279 1848 492 1937 pauxillulum
514 1847 646 1914 inhabet
661 1895 671 1912 .
687 1895 696 1912 .
712 1894 722 1913 .
738 1859 769 1918 .“

13 1953 226 2043 fragmentum
247 1955 349 2042 igitur
369 1952 432 2020 hoc
452 1954 538 2019 inter
558 1953 683 2020 incerta
698 1952 933 2030 ¹recensendum
956 1956 1015 2020 est

300 2185 417 2271 xm.
480 2183 846 2313 mosomum.

78 2343 109 2393 et.
128 2331 315 2394 Illassmannus
332 2359 358 2408 p.
380 2348 437 2392 150.

97 2479 330 2568 Fragmentum
353 2502 394 2545 ex
414 2477 529 2545 Naevii
550 2477 740 2544 Diobolaria
768 2478 883 2545 laudat
903 2479 1142 2566 Fulgentiusd)

482 2583 675 2671 „myropola
696 2582 820 2650 affatim
843 2584 922 2648 mihi

115 2689 327 2776 Unguentum
350 2688 487 2776 largitus
510 2691 560 2754 est
581 2712 646 2774 quo
670 2711 721 2754 me
743 2691 985 2754 venustarem.“

12 2791 120 2873 Quam
142 2793 286 2859 fabulam
300 2816 399 2880 quum
414 2793 652 2860 Klussmannus
669 2793 922 2870 „diabolariam“
936 2793 1144 2871 nominasset,

12 2897 203 2982 Hertziusl)
224 2921 242 2964 s
265 2899 427 2966 codicibus
450 2901 577 2964 rectum
597 2919 715 2965 nomen
742 2899 902 2976 restitnit,
933 2920 970 2964 ac
997 2897 1144 2986 prolecto

16 3004 149 3068 multum
171 3003 224 3069 hie
245 3003 332 3100 valet
352 3004 501 3070 codicum
524 3005 719 3081 auctoritas,
748 3024 849 3088 quum
877 3003 1025 3068 monachi
1046 3006 1144 3081 carte,

16 3108 41 3169 si
64 3109 241 3176 diabolaria
270 3110 437 3196 scriptum¹
455 3108 581 3182 fuisset,
615 3111 740 3172 rectum
769 3129 906 3184 nomen,
940 3108 981 3172 de
1015 3107 1146 3174 diabolo

12 3214 199 3298 cogitantes,
223 3217 422 3290 servassent3
445 3235 530 3280 nunc
544 3233 621 3279 vero
649 3211 836 3289 diobolaris,
859 3212 1045 3291 diovolaria,
1069 3214 1146 3302 dyo

13 3317 133 3395 valano,
156 3318 362 3384 diovalaria
352 3342 387 3383 ιιι
402 3316 566 3384 codicibus
588 3318 717 3404 legitur,
740 3340 924 3404 nusquam,
927 3317 1145 3394 ,diabolaria‘t

16 3415 126 3508 ltaque
155 3422 216 3489 bac
243 3422 355 3491 fabula
383 3422 525 3489 Naevius
560 3443 663 3507 neque
693 3422 886 3510 Apollodori
917 3421 1061 3511 Carystii
1087 3445 1147 3490 uec

12 3523 230 3593 Nicostratid
212 3526 361 3610 διάβολον
384 3528 553 3614 expressit.

96 3631 294 3698 Bitschelius
317 3654 418 3716 quum
440 3632 619 3698 ostenderit
604 3632 830 3699 tfabularum
860 3632 991 3699 nomina
1019 3633 1148 3698 nonnisi

15 3755 84 3800 vere
99 3735 249 3802 Latina
241 3759 274 3801 m
296 3738 408 3814 „aria“
430 3735 603 3820 formaris),
626 3737 789 3805 dubitavit
804 3738 845 3803 de
860 3738 921 3804 hac
935 3735 1044 3802 fabula
1059 3737 1148 3822 quod

14 3861 127 3906 nomen
148 3841 228 3908 illud
249 3864 270 3906 a
292 3841 421 3910 Graeca
442 3863 520 3908 voce
543 3844 634 3914 esset.
652 3843 851 3921 derivatum
884 3842 942 3908 sed
967 3841 1146 3930 diabolares

15 3989 60 4004 “

82 4071 103 4134 ¹)
121 4087 146 4136 p.
166 4076 217 4123 565
236 4072 272 4122 Μ.
294 4098 327 4110 -
346 4072 368 4134 ¹)
385 4087 411 4138 p.
431 4077 482 4124 2³2
500 4071 534 4124 Η,
552 4097 589 4112 -
607 4074 628 4135 θ)
647 4073 705 4124 Par.
724 4089 750 4140 p.
771 4078 827 4125 1⁴1.
