2734 4610
766 222 805 280 lt

172 395 174 402 ’
215 407 358 473 Metellis
369 405 626 493 respondebatur
640 405 798 484 „Dabunt
811 409 930 473 malum
941 408 1068 475 Metelli
1078 407 1209 474 Naevio
1222 413 1352 495 poetae

217 513 244 576 si
266 513 319 576 ille
341 513 488 577 dixerat:
511 511 687 589 „Fortuita
707 517 807 597 atque
828 535 906 578 casu
921 514 1047 581 Metelli
1069 513 1224 580 8811811188
1244 514 1352 580 1111111.11

217 615 254 683 Si
275 639 352 683 vero
375 617 518 682 dixerat:
548 617 696 694 ‚Malum
717 617 844 684 Metelli
866 619 991 684 Romae
1014 619 1093 684 dant
1115 619 1298 684 consulee“
1320 619 1352 684 fa

215 724 318 788 cetius
340 721 419 788 nihil
440 721 619 809 excogitari
633 725 745 808 potest
766 745 864 808 quam
884 722 982 790 breve
996 723 1214 808 Metellorum
1231 747 1352 812 respon·

215 849 296 890 sum.

300 930 441 996 Asconio
457 929 558 1016 igitur
573 934 667 1010 teste,
683 931 836 998 Metellus
852 932 963 1000 otnsul
974 932 1050 997 huic
1063 935 1170 998 versui
1186 932 1353 1000 Macriano

213 1035 426 1121 responderat
448 1038 481 1100 et
507 1057 607 1119 quum
637 1059 722 1101 anuo
745 1042 809 1102 550
831 1035 989 1102 Naevium
1019 1038 1148 1125 pulsum
1182 1039 1350 1103 videamus

212 1138 422 1204 Metellorum
437 1138 588 1216 factione,
611 1141 675 1204 iam
691 1140 765 1204 inde
787 1143 934 1226 apparet,
957 1141 1043 1207 huno
1057 1143 1236 1208 Metellum
1260 1142 1350 1208 fuisse

214 1241 260 1322 Q.
284 1241 461 1309 Caecilium
484 1244 655 1310 Metellum
684 1244 847 1310 consulem
877 1247 1055 1322 81181548,
1085 1267 1143 1311 uec
1174 1270 1267 1334 opus
1300 1248 1350 1312 erit

212 1369 263 1414 me
285 1371 413 1414 caussas
437 1349 555 1414 addere
578 1371 635 1414 cur
656 1349 697 1413 L.
721 1345 897 1413 Caecilium
926 1349 1114 1426 Metellum,
1138 1349 1181 1430 Q.
1212 1357 1348 1439 patrem,

211 1453 428 1519 fortissimum
456 1456 561 1520 virum
589 1453 629 1517 ab
651 1451 776 1517 Naevio
804 1453 856 1518 hic
884 1453 1071 1518 lacessitum'
1086 1477 1164 1520 ¹non
1187 1477 1275 1522 8888-
1290 1479 1347 1522 881-

212 1562 379 1641 scamus1).
413 1557 565 1624 Metellos
581 1559 692 1624 autem
708 1557 977 1622 maximeoderat
992 1563 1090 1644 poeta
1103 1557 1251 1626 fortasse
1269 1562 1348 1646 quod

196 1665 252 1730 11.
284 1663 438 1728 Metellus
468 1665 544 1746 post
571 1683 715 1748 pugnam
751 1659 953 1733 Cannensem
983 1685 1066 1728 anno
1098 1670 1161 1730 538
1193 1687 1212 1729 8
1245 1666 1348 1752 patria

211 1768 325 1854 fugere
348 1767 534 1842 constituit,
565 1767 655 1831 cuius
681 1765 784 1833 freter
806 1766 917 1831 consul
939 1766 992 1832 ille
1015 1765 1058 1848 Q.
1082 1772 1169 1844 erat,
1200 1772 1263 1853 qui
1287 1773 1355 1856 ipse

139 1861 142 1868 ’
210 1894 311 1960 novos
339 1869 667 1956 Naevioqueinviebs
691 1891 797 1936 mores
819 1869 929 1938 coluit.
958 1870 1075 1952 Quod
1102 1895 1180 1943 uero
1203 1873 1355 1940 Naevius}

210 1977 251 2042 de
273 1961 457 2042 consulibus
477 1975 620 2040 Metellis
640 1995 705 2040 non
729 1975 770 2040 da
792 1975 921 2042 consule
943 1976 1087 2061 loquitur
1108 1999 1167 2042 nec
1189 1977 1231 2042 de
1257 1983 1347 2064 patre

209 2081 344 2149 Metello
367 2081 499 2166 eiusque
526 2080 599 2148 filiis
621 2080 830 2165 cogitandum
852 2101 911 2146 nec
932 2080 1140 2145 divinandum
1164 2081 1204 2146 de
1231 2083 1347 2151 futura

208 2185 417 2252 Metellorum
451 2185 554 2272 gloria
586 2187 667 2249 erat.
722 2185 783 2250 1118
817 2186 901 2251 enim
933 2186 1006 2272 ipso
1038 2187 1185 2270 tempore
1218 2186 1347 2252 Metelli

133 2287 138 2295 ’
209 2290 348 2356 maxime
370 2289 546 2363 florebant,
567 2310 667 2373 quum
689 2293 756 2354 tres
779 2289 896 2373 fratres
920 2289 1052 2355 summis
1074 2287 1252 2354 honoribus
1276 2290 1356 2355 fun-l

207 2397 370 2483 gerentur,
395 2398 464 2459 erat
486 2394 570 2458 enim
587 2391 629 2472 Q.
646 2393 800 2459 Metellus
821 2416 904 2458 anno
928 2399 990 2458 548
1013 2391 1124 2458 consul
1146 2397 1180 2457 et
1201 2393 1251 2460 M.
1277 2395 1356 2462 Mel

207 2499 302 2564 tellus
325 2502 465 2585 praetor,
490 2499 530 2563 L.
546 2503 656 2563 autem
671 2498 825 2564 Metellus
840 2520 923 2562 anno
940 2502 1004 2562 540
1027 2502 1181 2581 quaestor
1194 2497 1356 2582 sacrati)

175 2647 181 2658 ·
297 2601 449 2669 Concidit
470 2603 572 2691 igitur
587 2603 721 2668 dubium
736 2603 816 2667 illud
831 2602 919 2687 quod
934 2601 1139 2688 Zumptiusb
1157 2592 1202 2667 de
1216 2601 1348 2668 Naevio

206 2708 291 2772 illius
313 2729 426 2773 versus
453 2713 586 2775 auctore
616 2709 733 2784 movit,
764 2709 819 2792 qui
848 2729 948 2790 quum
975 2707 1099 2772 videret
1120 2706 1346 2772 admirabilem

206 2813 293 2877 illam
315 2813 526 2905 Metellorum
548 2812 714 2878 fortunam
737 2835 821 2878 anno
844 2812 974 2876 demum
998 2817 1061 2874 611
1085 2812 1244 2896 coepisse,
1273 2833 1347 2876 cen-

207 2918 272 2981 suit
294 2916 379 2982 hune
398 2939 527 2982 versum
557 2921 672 3003 postea
693 2939 714 2981 a
735 2916 953 3003 grammaticis
980 2913 1095 2978 fretum
1121 2935 1190 2993 esse
1218 2915 1344 3000 quippe

205 3023 261 3107 qui
283 3023 452 3107 antiquum
475 3023 589 3088 Naevii
619 3022 729 3086 odium
751 3021 784 3085 in
805 3018 958 3087 Metellos
982 3016 1225 3085 bene‘nossent.
1272 3017 1344 3084 Sed

205 3126 316 3192 eadem
338 3126 406 3192 fere
422 3149 479 3192 res
501 3130 552 3192 est
572 3139 670 3211 quam
692 3146 791 3210 supra
801 3123 944 3188 ‚vidimus
960 3145 1060 3207 quum
1082 3122 1122 3188 de
1135 3107 1257 3187 'Naevii
1271 3144 1342 3188 ver·

205 3230 293 3296 sibus
315 3233 348 3295 in
368 3231 556 3296 Africanum
578 3231 707 3317 scriptis
724 3227 917 3304 dicebamus,
941 3227 996 3311 qui
1018 3247 1118 3309 quum
1142 3229 1237 3290 antee
1252 3249 1340 3312 mag-

112 3337 113 3345 ’
204 3357 279 3398 nam
301 3331 365 3400 iam
381 3335 516 3422 gloriam
538 3338 652 3400 nactus
667 3337 782 3422 postea
806 3333 908 3418 magis
924 3329 1147 3408 celebraretur,
1170 3331 1231 3396 viri
1251 3331 1340 3397 docti

204 3439 238 3506 in
268 3442 422 3506 maiorem
454 3441 542 3505 illam
574 3438 711 3526 gloriam
747 3437 929 3504 Naevianos
963 3457 1075 3502 versus
1109 3435 1253 3501 conicere
1284 3458 1342 3500 vo-

242 3648 246 3655 '
277 3651 491 3714 ι)81.11111811).
512 3655 571 3700 ³³1.
602 3675 634 3686 ·-
658 3648 680 3712 ¹)
705 3648 816 3699 Pluralie
842 3661 961 3698 uumerus
985 3648 1012 3696 iu
1035 3646 1125 3698 Naevii
1150 3659 1224 3694 verse
1242 3645 1336 3709 optime

204 3753 306 3802 quoqne
325 3738 470 3801 explicatur
488 3735 509 3788 si
529 3736 594 3786 dixit
611 3735 723 3786 Naevius
749 3734 819 3800 „lato
843 3743 882 3786 est
899 3734 998 3784 Romae
1017 3735 1086 3797 quod
1109 3747 1174 3783 unua
1193 3747 1208 3781 a
1225 3732 1334 3784 Metellis

204 3825 293 3874 consul
317 3823 400 3876 factas
423 3831 476 3886 881,
504 3823 602 3876 Metelli
624 3823 702 3888 igitar
725 3825 759 3874 ad
784 3822 931 3873 consulatus
957 3819 1080 3870 bonorem
1104 3819 1276 3872 admittuntur.
1300 3845 1332 3856 -

204 3913 227 3973 ⁸)
244 3911 276 3962 cl.
295 3912 395 3976 Zumpt.
414 3912 447 3960 ad
466 3910 520 3961 (iic.
539 3911 613 3962 Verr.
626 3926 650 3975 p.
666 3915 707 3960 72.
743 3911 855 3961 Ritterus
868 3925 892 3974 p.
907 3913 957 3959 319
976 3923 1077 3960 versum
1090 3914 1179 3956 eontra
1190 3906 1332 3972 Zumptium

203 3997 324 4059 delendis,
342 3999 411 4063 quod
428 4013 491 4050 raro
509 3999 581 4050 illem
599 4013 634 4050 811
658 3997 728 4048 bello
745 3997 843 4048 Punico
861 3997 981 4048 haustum
1000 4009 1057 4048 8188
1075 3995 1216 4058 existimat,
1239 3993 1334 4044 lsssitar

202 4093 232 4136 ut
248 4087 390 4139 videbimus
409 4090 430 4140 si
449 4089 481 4138 de
499 4088 544 4138 illo
563 4087 676 4138 carmine
694 4101 778 4160 sermo
797 4087 854 4137 erit.
