<?xml version="1.0" encoding="UTF-8"?>
<!DOCTYPE html PUBLIC "-//W3C//DTD XHTML 1.0 Transitional//EN"
    "http://www.w3.org/TR/xhtml1/DTD/xhtml1-transitional.dtd">
<html xmlns="http://www.w3.org/1999/xhtml" xml:lang="en" lang="en">
 <head>
  <title>
</title>
<meta http-equiv="Content-Type" content="text/html;charset=utf-8" />
  <meta name='ocr-system' content='tesseract 3.04.00' />
  <meta name='ocr-capabilities' content='ocr_page ocr_carea ocr_par ocr_line ocrx_word'/>
</head>
<body>
  <div class='ocr_page' id='page_1' title='image "./degnnaeviipoeta00bercgoog_0024.png"; bbox 0 0 2734 4610; ppageno 0'>
   <div class='ocr_carea' id='block_1_1' title="bbox 585 215 987 334">
    <p class='ocr_par' dir='ltr' id='par_1_1' title="bbox 585 215 987 334">
     <span class='ocr_line' id='line_1_1' title="bbox 585 215 987 334; baseline 0 -35"><span class='ocrx_word' id='word_1_1' title='bbox 585 243 680 301; x_wconf 76' lang='grc' dir='ltr'><strong>13Ι</strong></span> <span class='ocrx_word' id='word_1_2' title='bbox 871 215 987 334; x_wconf 63' lang='lat'><strong>„¹</strong></span> 
     </span>
    </p>
   </div>
   <div class='ocr_carea' id='block_1_2' title="bbox 18 400 1245 2086">
    <p class='ocr_par' dir='ltr' id='par_1_2' title="bbox 18 400 1245 1983">
     <span class='ocr_line' id='line_1_2' title="bbox 18 400 1168 506; baseline 0.003 -12"><span class='ocrx_word' id='word_1_3' title='bbox 18 429 171 506; x_wconf 83' lang='lat' dir='ltr'><strong>volavit,</strong></span> <span class='ocrx_word' id='word_1_4' title='bbox 201 415 281 493; x_wconf 82' lang='lat' dir='ltr'><strong>tunc</strong></span> <span class='ocrx_word' id='word_1_5' title='bbox 311 427 395 492; x_wconf 91' lang='lat' dir='ltr'><strong>enim</strong></span> <span class='ocrx_word' id='word_1_6' title='bbox 418 429 549 492; x_wconf 86' lang='lat' dir='ltr'><strong>maximi</strong></span> <span class='ocrx_word' id='word_1_7' title='bbox 577 429 731 495; x_wconf 79' lang='lat' dir='ltr'><strong>momenti</strong></span> <span class='ocrx_word' id='word_1_8' title='bbox 752 409 787 494; x_wconf 84' lang='lat' dir='ltr'><strong>bi</strong></span> <span class='ocrx_word' id='word_1_9' title='bbox 817 400 929 496; x_wconf 71' lang='lat' dir='ltr'><strong>sersus</strong></span> <span class='ocrx_word' id='word_1_10' title='bbox 951 434 1053 496; x_wconf 84' lang='lat' dir='ltr'><strong>erant.</strong></span> <span class='ocrx_word' id='word_1_11' title='bbox 1097 429 1168 498; x_wconf 84' lang='lat' dir='ltr'><strong>Nee</strong></span> 
     </span>
     <span class='ocr_line' id='line_1_3' title="bbox 20 529 1168 618; baseline 0.002 -20"><span class='ocrx_word' id='word_1_12' title='bbox 20 537 141 598; x_wconf 87' lang='lat' dir='ltr'><strong>tamen</strong></span> <span class='ocrx_word' id='word_1_13' title='bbox 166 529 326 618; x_wconf 82' lang='lat' dir='ltr'><strong>Scipionis</strong></span> <span class='ocrx_word' id='word_1_14' title='bbox 356 553 473 597; x_wconf 87' lang='lat' dir='ltr'><strong>nornen</strong></span> <span class='ocrx_word' id='word_1_15' title='bbox 503 534 674 618; x_wconf 77' lang='lat' dir='ltr'><strong>prostituit</strong></span> <span class='ocrx_word' id='word_1_16' title='bbox 695 533 836 599; x_wconf 80' lang='lat' dir='ltr'><strong>Naevius</strong></span> <span class='ocrx_word' id='word_1_17' title='bbox 848 537 874 618; x_wconf 82' lang='lat'><strong>¹)</strong></span> <span class='ocrx_word' id='word_1_18' title='bbox 902 556 961 599; x_wconf 89' lang='lat' dir='ltr'><strong>nec</strong></span> <span class='ocrx_word' id='word_1_19' title='bbox 990 534 1076 600; x_wconf 85' lang='lat' dir='ltr'><strong>facta</strong></span> <span class='ocrx_word' id='word_1_20' title='bbox 1097 537 1168 601; x_wconf 88' lang='lat' dir='ltr'><strong>eius</strong></span> 
     </span>
     <span class='ocr_line' id='line_1_4' title="bbox 21 636 1166 726; baseline 0.003 -24"><span class='ocrx_word' id='word_1_21' title='bbox 21 639 234 714; x_wconf 78' lang='lat' dir='ltr'><strong>detrectavit,</strong></span> <span class='ocrx_word' id='word_1_22' title='bbox 252 636 309 702; x_wconf 90' lang='lat' dir='ltr'><strong>sed</strong></span> <span class='ocrx_word' id='word_1_23' title='bbox 323 637 426 702; x_wconf 89' lang='lat' dir='ltr'><strong>noluit</strong></span> <span class='ocrx_word' id='word_1_24' title='bbox 438 639 583 704; x_wconf 83' lang='lat' dir='ltr'><strong>iuvenem</strong></span> <span class='ocrx_word' id='word_1_25' title='bbox 598 643 734 726; x_wconf 86' lang='lat' dir='ltr'><strong>propter</strong></span> <span class='ocrx_word' id='word_1_26' title='bbox 748 643 818 704; x_wconf 89' lang='lat' dir='ltr'><strong>tam</strong></span> <span class='ocrx_word' id='word_1_27' title='bbox 832 639 918 704; x_wconf 83' lang='lat' dir='ltr'><strong>leves</strong></span> <span class='ocrx_word' id='word_1_28' title='bbox 929 662 980 704; x_wconf 88' lang='lat' dir='ltr'><strong>res</strong></span> <span class='ocrx_word' id='word_1_29' title='bbox 994 641 1027 704; x_wconf 88' lang='lat' dir='ltr'><strong>in</strong></span> <span class='ocrx_word' id='word_1_30' title='bbox 1043 640 1166 706; x_wconf 84' lang='lat' dir='ltr'><strong>coelum</strong></span> 
     </span>
     <span class='ocr_line' id='line_1_5' title="bbox 23 741 1166 828; baseline 0.003 -21"><span class='ocrx_word' id='word_1_31' title='bbox 23 743 102 808; x_wconf 92' lang='lat' dir='ltr'><strong>tolli</strong></span> <span class='ocrx_word' id='word_1_32' title='bbox 123 764 219 827; x_wconf 92' lang='lat' dir='ltr'><strong>quem</strong></span> <span class='ocrx_word' id='word_1_33' title='bbox 241 743 310 828; x_wconf 88' lang='lat' dir='ltr'><strong>ipsc</strong></span> <span class='ocrx_word' id='word_1_34' title='bbox 332 743 454 808; x_wconf 77' lang='lat' dir='ltr'><strong>sciebat</strong></span> <span class='ocrx_word' id='word_1_35' title='bbox 470 741 617 808; x_wconf 89' lang='lat' dir='ltr'><strong>omnibus</strong></span> <span class='ocrx_word' id='word_1_36' title='bbox 637 747 773 826; x_wconf 81' lang='lat' dir='ltr'><strong>naturae</strong></span> <span class='ocrx_word' id='word_1_37' title='bbox 795 744 953 809; x_wconf 86' lang='lat' dir='ltr'><strong>humanae</strong></span> <span class='ocrx_word' id='word_1_38' title='bbox 974 745 1061 810; x_wconf 88' lang='lat' dir='ltr'><strong>vitiis</strong></span> <span class='ocrx_word' id='word_1_39' title='bbox 1076 745 1166 810; x_wconf 81' lang='lat' dir='ltr'><strong>affec</strong></span> 
     </span>
     <span class='ocr_line' id='line_1_6' title="bbox 23 833 1245 936; baseline 0.003 -25"><span class='ocrx_word' id='word_1_40' title='bbox 23 851 102 911; x_wconf 92' lang='lat' dir='ltr'><strong>tum</strong></span> <span class='ocrx_word' id='word_1_41' title='bbox 126 859 211 924; x_wconf 84' lang='lat' dir='ltr'><strong>e&#39;sse3</strong></span> <span class='ocrx_word' id='word_1_42' title='bbox 235 850 334 930; x_wconf 88' lang='lat' dir='ltr'><strong>atque</strong></span> <span class='ocrx_word' id='word_1_43' title='bbox 355 849 502 934; x_wconf 80' lang='lat' dir='ltr'><strong>inprimis</strong></span> <span class='ocrx_word' id='word_1_44' title='bbox 519 845 637 913; x_wconf 81' lang='lat' dir='ltr'><strong>Graeci</strong></span> <span class='ocrx_word' id='word_1_45' title='bbox 660 855 764 913; x_wconf 84' lang='lat' dir='ltr'><strong>meres</strong></span> <span class='ocrx_word' id='word_1_46' title='bbox 788 849 1020 936; x_wconf 88' lang='lat' dir='ltr'><strong>displicuerunt</strong></span> <span class='ocrx_word' id='word_1_47' title='bbox 1037 833 1165 936; x_wconf 84' lang='lat' dir='ltr'><strong>poetae,</strong></span> <span class='ocrx_word' id='word_1_48' title='bbox 1221 899 1245 932; x_wconf 75' lang='grc'><strong>.,</strong></span> 
     </span>
     <span class='ocr_line' id='line_1_7' title="bbox 24 943 1166 1039; baseline 0.002 -22"><span class='ocrx_word' id='word_1_49' title='bbox 24 953 93 1017; x_wconf 91' lang='lat' dir='ltr'><strong>hoc</strong></span> <span class='ocrx_word' id='word_1_50' title='bbox 108 943 192 1016; x_wconf 81' lang='lat' dir='ltr'><strong>enim</strong></span> <span class='ocrx_word' id='word_1_51' title='bbox 209 952 350 1016; x_wconf 85' lang='lat' dir='ltr'><strong>ostendit</strong></span> <span class='ocrx_word' id='word_1_52' title='bbox 363 952 506 1038; x_wconf 84' lang='lat' dir='ltr'><strong>pallium,</strong></span> <span class='ocrx_word' id='word_1_53' title='bbox 529 954 758 1018; x_wconf 84' lang='lat' dir='ltr'><strong>vestimentum</strong></span> <span class='ocrx_word' id='word_1_54' title='bbox 775 952 936 1020; x_wconf 90' lang='lat' dir='ltr'><strong>Graecum</strong></span> <span class='ocrx_word' id='word_1_55' title='bbox 959 977 1023 1039; x_wconf 93' lang='lat' dir='ltr'><strong>quo</strong></span> <span class='ocrx_word' id='word_1_56' title='bbox 1045 955 1166 1020; x_wconf 89' lang='lat' dir='ltr'><strong>adoles-</strong></span> 
     </span>
     <span class='ocr_line' id='line_1_8' title="bbox 25 1055 1164 1145; baseline 0.001 -22"><span class='ocrx_word' id='word_1_57' title='bbox 25 1061 160 1123; x_wconf 83' lang='lat' dir='ltr'><strong>centem</strong></span> <span class='ocrx_word' id='word_1_58' title='bbox 181 1057 330 1121; x_wconf 88' lang='lat' dir='ltr'><strong>indutuni</strong></span> <span class='ocrx_word' id='word_1_59' title='bbox 349 1055 452 1122; x_wconf 78' lang='lat' dir='ltr'><strong>&#39;finisse</strong></span> <span class='ocrx_word' id='word_1_60' title='bbox 467 1057 556 1122; x_wconf 88' lang='lat' dir='ltr'><strong>dicit.</strong></span> <span class='ocrx_word' id='word_1_61' title='bbox 593 1058 641 1122; x_wconf 84' lang='lat' dir='ltr'><strong>Et</strong></span> <span class='ocrx_word' id='word_1_62' title='bbox 661 1059 722 1124; x_wconf 88' lang='lat' dir='ltr'><strong>nisi</strong></span> <span class='ocrx_word' id='word_1_63' title='bbox 743 1058 829 1124; x_wconf 85' lang='lat' dir='ltr'><strong>leves</strong></span> <span class='ocrx_word' id='word_1_64' title='bbox 850 1059 936 1124; x_wconf 89' lang='lat' dir='ltr'><strong>illius</strong></span> <span class='ocrx_word' id='word_1_65' title='bbox 952 1081 1057 1124; x_wconf 90' lang='lat' dir='ltr'><strong>mores</strong></span> <span class='ocrx_word' id='word_1_66' title='bbox 1076 1081 1164 1145; x_wconf 85' lang='lat' dir='ltr'><strong>prae</strong></span> 
     </span>
     <span class='ocr_line' id='line_1_9' title="bbox 29 1162 1166 1250; baseline 0.002 -23"><span class='ocrx_word' id='word_1_67' title='bbox 29 1163 128 1250; x_wconf 88' lang='lat' dir='ltr'><strong>cipue</strong></span> <span class='ocrx_word' id='word_1_68' title='bbox 150 1163 311 1238; x_wconf 88' lang='lat' dir='ltr'><strong>inrisisset,</strong></span> <span class='ocrx_word' id='word_1_69' title='bbox 336 1163 413 1245; x_wconf 92' lang='lat' dir='ltr'><strong>quid</strong></span> <span class='ocrx_word' id='word_1_70' title='bbox 436 1163 569 1227; x_wconf 90' lang='lat' dir='ltr'><strong>retinuit</strong></span> <span class='ocrx_word' id='word_1_71' title='bbox 590 1162 748 1229; x_wconf 87' lang='lat' dir='ltr'><strong>Naevium</strong></span> <span class='ocrx_word' id='word_1_72' title='bbox 775 1165 944 1248; x_wconf 85' lang='lat' dir='ltr'><strong>quominus</strong></span> <span class='ocrx_word' id='word_1_73' title='bbox 965 1165 998 1229; x_wconf 90' lang='lat' dir='ltr'><strong>in</strong></span> <span class='ocrx_word' id='word_1_74' title='bbox 1020 1163 1166 1230; x_wconf 86' lang='lat' dir='ltr'><strong>Africani</strong></span> 
     </span>
     <span class='ocr_line' id='line_1_10' title="bbox 29 1265 1162 1353; baseline 0.002 -22"><span class='ocrx_word' id='word_1_75' title='bbox 29 1266 207 1332; x_wconf 81' lang='lat' dir='ltr'><strong>avunculos</strong></span> <span class='ocrx_word' id='word_1_76' title='bbox 223 1265 438 1343; x_wconf 86' lang='lat' dir='ltr'><strong>inveheretur,</strong></span> <span class='ocrx_word' id='word_1_77' title='bbox 462 1289 542 1350; x_wconf 91' lang='lat' dir='ltr'><strong>quos</strong></span> <span class='ocrx_word' id='word_1_78' title='bbox 559 1270 666 1332; x_wconf 90' lang='lat' dir='ltr'><strong>tamen</strong></span> <span class='ocrx_word' id='word_1_79' title='bbox 683 1269 813 1333; x_wconf 92' lang='lat' dir='ltr'><strong>omnino</strong></span> <span class='ocrx_word' id='word_1_80' title='bbox 836 1270 976 1334; x_wconf 90' lang='lat' dir='ltr'><strong>intactos</strong></span> <span class='ocrx_word' id='word_1_81' title='bbox 991 1268 1162 1353; x_wconf 82' lang='lat' dir='ltr'><strong>reliquit&#39;)</strong></span> 
     </span>
     <span class='ocr_line' id='line_1_11' title="bbox 27 1372 1166 1459; baseline 0.001 -22"><span class='ocrx_word' id='word_1_82' title='bbox 27 1372 96 1437; x_wconf 85' lang='lat' dir='ltr'><strong>Alii</strong></span> <span class='ocrx_word' id='word_1_83' title='bbox 129 1394 256 1456; x_wconf 91' lang='lat' dir='ltr'><strong>quoque</strong></span> <span class='ocrx_word' id='word_1_84' title='bbox 284 1383 397 1436; x_wconf 86' lang='lat' dir='ltr'><strong>versus</strong></span> <span class='ocrx_word' id='word_1_85' title='bbox 425 1375 539 1438; x_wconf 85' lang='lat' dir='ltr'><strong>extant</strong></span> <span class='ocrx_word' id='word_1_86' title='bbox 569 1372 684 1457; x_wconf 89' lang='lat' dir='ltr'><strong>quibus</strong></span> <span class='ocrx_word' id='word_1_87' title='bbox 713 1377 863 1459; x_wconf 88' lang='lat' dir='ltr'><strong>apparet,</strong></span> <span class='ocrx_word' id='word_1_88' title='bbox 899 1395 963 1436; x_wconf 91' lang='lat' dir='ltr'><strong>non</strong></span> <span class='ocrx_word' id='word_1_89' title='bbox 992 1377 1166 1459; x_wconf 89' lang='lat' dir='ltr'><strong>propterea</strong></span> 
     </span>
     <span class='ocr_line' id='line_1_12' title="bbox 26 1477 1165 1564; baseline -0.001 -22"><span class='ocrx_word' id='word_1_90' title='bbox 26 1478 121 1542; x_wconf 91' lang='lat' dir='ltr'><strong>illum</strong></span> <span class='ocrx_word' id='word_1_91' title='bbox 144 1478 177 1541; x_wconf 90' lang='lat' dir='ltr'><strong>in</strong></span> <span class='ocrx_word' id='word_1_92' title='bbox 199 1477 359 1563; x_wconf 86' lang='lat' dir='ltr'><strong>principes</strong></span> <span class='ocrx_word' id='word_1_93' title='bbox 382 1481 451 1542; x_wconf 83' lang='lat' dir='ltr'><strong>esse</strong></span> <span class='ocrx_word' id='word_1_94' title='bbox 477 1479 639 1542; x_wconf 89' lang='lat' dir='ltr'><strong>invectum</strong></span> <span class='ocrx_word' id='word_1_95' title='bbox 652 1478 749 1562; x_wconf 45' lang='lat' dir='ltr'><strong>*quod</strong></span> <span class='ocrx_word' id='word_1_96' title='bbox 770 1478 931 1564; x_wconf 88' lang='lat' dir='ltr'><strong>principes</strong></span> <span class='ocrx_word' id='word_1_97' title='bbox 953 1481 1076 1555; x_wconf 89' lang='lat' dir='ltr'><strong>essent,</strong></span> <span class='ocrx_word' id='word_1_98' title='bbox 1107 1477 1165 1542; x_wconf 90' lang='lat' dir='ltr'><strong>sed</strong></span> 
     </span>
     <span class='ocr_line' id='line_1_13' title="bbox 28 1579 1165 1670; baseline 0 -24"><span class='ocrx_word' id='word_1_99' title='bbox 28 1583 122 1668; x_wconf 90' lang='lat' dir='ltr'><strong>quod</strong></span> <span class='ocrx_word' id='word_1_100' title='bbox 149 1603 306 1646; x_wconf 88' lang='lat' dir='ltr'><strong>novorum</strong></span> <span class='ocrx_word' id='word_1_101' title='bbox 345 1605 472 1646; x_wconf 90' lang='lat' dir='ltr'><strong>morum</strong></span> <span class='ocrx_word' id='word_1_102' title='bbox 494 1582 604 1670; x_wconf 85' lang='lat' dir='ltr'><strong>cupidi</strong></span> <span class='ocrx_word' id='word_1_103' title='bbox 639 1583 837 1648; x_wconf 88' lang='lat' dir='ltr'><strong>viderentur.</strong></span> <span class='ocrx_word' id='word_1_104' title='bbox 890 1579 1005 1647; x_wconf 87' lang='lat' dir='ltr'><strong>Cicero</strong></span> <span class='ocrx_word' id='word_1_105' title='bbox 1016 1584 1042 1665; x_wconf 73' lang='grc'><strong>3)</strong></span> <span class='ocrx_word' id='word_1_106' title='bbox 1080 1583 1165 1647; x_wconf 82' lang='lat' dir='ltr'><strong>enirn</strong></span> 
     </span>
     <span class='ocr_line' id='line_1_14' title="bbox 26 1677 1165 1772; baseline -0.002 -20"><span class='ocrx_word' id='word_1_107' title='bbox 26 1677 152 1753; x_wconf 81' lang='lat' dir='ltr'><strong>refert:</strong></span> <span class='ocrx_word' id='word_1_108' title='bbox 183 1686 321 1770; x_wconf 86' lang='lat' dir='ltr'><strong>„quodsi</strong></span> <span class='ocrx_word' id='word_1_109' title='bbox 349 1686 457 1772; x_wconf 87' lang='lat' dir='ltr'><strong>legere</strong></span> <span class='ocrx_word' id='word_1_110' title='bbox 479 1690 537 1750; x_wconf 87' lang='lat' dir='ltr'><strong>aut</strong></span> <span class='ocrx_word' id='word_1_111' title='bbox 558 1687 669 1750; x_wconf 85' lang='lat' dir='ltr'><strong>audire</strong></span> <span class='ocrx_word' id='word_1_112' title='bbox 691 1688 808 1752; x_wconf 86' lang='lat' dir='ltr'><strong>voletis</strong></span> <span class='ocrx_word' id='word_1_113' title='bbox 832 1690 981 1763; x_wconf 85' lang='lat' dir='ltr'><strong>externa,</strong></span> <span class='ocrx_word' id='word_1_114' title='bbox 1011 1688 1165 1751; x_wconf 84' lang='lat' dir='ltr'><strong>maximas</strong></span> 
     </span>
     <span class='ocr_line' id='line_1_15' title="bbox 28 1775 1165 1880; baseline 0 -24"><span class='ocrx_word' id='word_1_115' title='bbox 28 1791 230 1880; x_wconf 83' lang='lat' dir='ltr'><strong>respublicas</strong></span> <span class='ocrx_word' id='word_1_116' title='bbox 261 1790 301 1855; x_wconf 85' lang='lat' dir='ltr'><strong>ab</strong></span> <span class='ocrx_word' id='word_1_117' title='bbox 326 1775 583 1878; x_wconf 71' lang='lat' dir='ltr'><strong>adulescentibus</strong></span> <span class='ocrx_word' id='word_1_118' title='bbox 611 1790 822 1856; x_wconf 81' lang='lat' dir='ltr'><strong>labefactatas</strong></span> <span class='ocrx_word' id='word_1_119' title='bbox 845 1815 864 1857; x_wconf 90' lang='lat' dir='ltr'><strong>a</strong></span> <span class='ocrx_word' id='word_1_120' title='bbox 887 1791 1015 1857; x_wconf 87' lang='lat' dir='ltr'><strong>senibus</strong></span> <span class='ocrx_word' id='word_1_121' title='bbox 1043 1791 1165 1856; x_wconf 81' lang='lat' dir='ltr'><strong>susteb-</strong></span> 
     </span>
     <span class='ocr_line' id='line_1_16' title="bbox 26 1891 914 1983; baseline -0.007 -21"><span class='ocrx_word' id='word_1_122' title='bbox 26 1901 118 1962; x_wconf 86' lang='lat' dir='ltr'><strong>tatas</strong></span> <span class='ocrx_word' id='word_1_123' title='bbox 142 1891 329 1983; x_wconf 85' lang='lat' dir='ltr'><strong>reperietis&#39;</strong></span> <span class='ocrx_word' id='word_1_124' title='bbox 911 1962 914 1968; x_wconf 61' lang='grc'>,</span> 
     </span>
    </p>

    <p class='ocr_par' dir='ltr' id='par_1_3' title="bbox 30 1997 1156 2086">
     <span class='ocr_line' id='line_1_17' title="bbox 30 1997 1156 2086; baseline -0.004 -19"><span class='ocrx_word' id='word_1_125' title='bbox 30 2001 149 2080; x_wconf 86' lang='lat' dir='ltr'><strong>„Cedo</strong></span> <span class='ocrx_word' id='word_1_126' title='bbox 171 2003 227 2085; x_wconf 90' lang='lat' dir='ltr'><strong>qui</strong></span> <span class='ocrx_word' id='word_1_127' title='bbox 249 2003 393 2065; x_wconf 83' lang='lat' dir='ltr'><strong>vestram</strong></span> <span class='ocrx_word' id='word_1_128' title='bbox 414 1998 646 2086; x_wconf 81' lang='lat' dir='ltr'><strong>rempublicam</strong></span> <span class='ocrx_word' id='word_1_129' title='bbox 663 1997 788 2063; x_wconf 83' lang='lat' dir='ltr'><strong>tentam</strong></span> <span class='ocrx_word' id='word_1_130' title='bbox 811 1999 964 2063; x_wconf 88' lang='lat' dir='ltr'><strong>amisistis</strong></span> <span class='ocrx_word' id='word_1_131' title='bbox 978 2003 1046 2064; x_wconf 86' lang='lat' dir='ltr'><strong>tam</strong></span> <span class='ocrx_word' id='word_1_132' title='bbox 1069 2001 1156 2066; x_wconf 79' lang='lat' dir='ltr'><strong>cito?</strong></span> 
     </span>
    </p>
   </div>
   <div class='ocr_carea' id='block_1_3' title="bbox 29 2103 1269 2192">
    <p class='ocr_par' dir='ltr' id='par_1_4' title="bbox 29 2103 1269 2192">
     <span class='ocr_line' id='line_1_18' title="bbox 29 2103 1269 2192; baseline -0.006 -20"><span class='ocrx_word' id='word_1_133' title='bbox 29 2108 76 2172; x_wconf 90' lang='lat' dir='ltr'><strong>sic</strong></span> <span class='ocrx_word' id='word_1_134' title='bbox 99 2107 184 2170; x_wconf 89' lang='lat' dir='ltr'><strong>enim</strong></span> <span class='ocrx_word' id='word_1_135' title='bbox 204 2104 489 2192; x_wconf 80' lang='lat' dir='ltr'><strong>percontabantur,</strong></span> <span class='ocrx_word' id='word_1_136' title='bbox 512 2107 548 2168; x_wconf 87' lang='lat' dir='ltr'><strong>ut</strong></span> <span class='ocrx_word' id='word_1_137' title='bbox 571 2108 620 2168; x_wconf 92' lang='lat' dir='ltr'><strong>est</strong></span> <span class='ocrx_word' id='word_1_138' title='bbox 642 2105 675 2168; x_wconf 92' lang='lat' dir='ltr'><strong>in</strong></span> <span class='ocrx_word' id='word_1_139' title='bbox 697 2103 812 2169; x_wconf 86' lang='lat' dir='ltr'><strong>Naevii</strong></span> <span class='ocrx_word' id='word_1_140' title='bbox 834 2107 949 2190; x_wconf 82' lang='lat' dir='ltr'><strong>poetae</strong></span> <span class='ocrx_word' id='word_1_141' title='bbox 971 2104 1078 2181; x_wconf 87' lang='lat' dir='ltr'><strong>Ludo,</strong></span> <span class='ocrx_word' id='word_1_142' title='bbox 1102 2125 1165 2168; x_wconf 88' lang='lat' dir='ltr'><strong>res-</strong></span> <span class='ocrx_word' id='word_1_143' title='bbox 1266 2121 1269 2129; x_wconf 75' lang='grc'>’</span> 
     </span>
    </p>
   </div>
   <div class='ocr_carea' id='block_1_4' title="bbox 27 2209 1165 3451">
    <p class='ocr_par' dir='ltr' id='par_1_5' title="bbox 28 2209 1056 2392">
     <span class='ocr_line' id='line_1_19' title="bbox 28 2209 675 2298; baseline -0.008 -22"><span class='ocrx_word' id='word_1_144' title='bbox 28 2211 214 2298; x_wconf 84' lang='lat' dir='ltr'><strong>pendentur</strong></span> <span class='ocrx_word' id='word_1_145' title='bbox 235 2214 270 2275; x_wconf 86' lang='lat' dir='ltr'><strong>et</strong></span> <span class='ocrx_word' id='word_1_146' title='bbox 292 2211 354 2276; x_wconf 85' lang='lat' dir='ltr'><strong>alia</strong></span> <span class='ocrx_word' id='word_1_147' title='bbox 375 2214 408 2274; x_wconf 89' lang='lat' dir='ltr'><strong>et</strong></span> <span class='ocrx_word' id='word_1_148' title='bbox 429 2209 492 2274; x_wconf 90' lang='lat' dir='ltr'><strong>boc</strong></span> <span class='ocrx_word' id='word_1_149' title='bbox 512 2209 675 2293; x_wconf 84' lang='lat' dir='ltr'><strong>inprimis:</strong></span> 
     </span>
     <span class='ocr_line' id='line_1_20' title="bbox 75 2313 1056 2392; baseline -0.006 -11"><span class='ocrx_word' id='word_1_150' title='bbox 75 2329 79 2334; x_wconf 86' lang='grc'><strong>“</strong></span> <span class='ocrx_word' id='word_1_151' title='bbox 129 2314 391 2392; x_wconf 86' lang='lat' dir='ltr'><strong>„Proveniebunt</strong></span> <span class='ocrx_word' id='word_1_152' title='bbox 413 2317 558 2379; x_wconf 88' lang='lat' dir='ltr'><strong>oratores</strong></span> <span class='ocrx_word' id='word_1_153' title='bbox 580 2317 656 2379; x_wconf 88' lang='lat' dir='ltr'><strong>novi</strong></span> <span class='ocrx_word' id='word_1_154' title='bbox 678 2314 771 2379; x_wconf 90' lang='lat' dir='ltr'><strong>stulti</strong></span> <span class='ocrx_word' id='word_1_155' title='bbox 793 2313 1056 2380; x_wconf 84' lang='lat' dir='ltr'><strong>adulescentuli.“</strong></span> 
     </span>
    </p>

    <p class='ocr_par' dir='ltr' id='par_1_6' title="bbox 27 2397 1163 2610">
     <span class='ocr_line' id='line_1_21' title="bbox 29 2397 1163 2506; baseline -0.004 -21"><span class='ocrx_word' id='word_1_156' title='bbox 29 2443 112 2506; x_wconf 89' lang='lat' dir='ltr'><strong>quos</strong></span> <span class='ocrx_word' id='word_1_157' title='bbox 145 2443 257 2484; x_wconf 86' lang='lat' dir='ltr'><strong>versus</strong></span> <span class='ocrx_word' id='word_1_158' title='bbox 291 2421 392 2484; x_wconf 89' lang='lat' dir='ltr'><strong>etsie</strong></span> <span class='ocrx_word' id='word_1_159' title='bbox 415 2418 543 2485; x_wconf 83' lang='lat' dir='ltr'><strong>Graeca</strong></span> <span class='ocrx_word' id='word_1_160' title='bbox 572 2420 738 2484; x_wconf 86' lang='lat' dir='ltr'><strong>comoedia</strong></span> <span class='ocrx_word' id='word_1_161' title='bbox 772 2420 894 2505; x_wconf 88' lang='lat' dir='ltr'><strong>sumpti</strong></span> <span class='ocrx_word' id='word_1_162' title='bbox 926 2397 1020 2494; x_wconf 74' lang='lat' dir='ltr'><strong>subt,</strong></span> <span class='ocrx_word' id='word_1_163' title='bbox 1054 2421 1163 2481; x_wconf 89' lang='lat' dir='ltr'><strong>tamen</strong></span> 
     </span>
     <span class='ocr_line' id='line_1_22' title="bbox 27 2524 772 2610; baseline -0.004 -20"><span class='ocrx_word' id='word_1_164' title='bbox 27 2524 171 2590; x_wconf 84' lang='lat' dir='ltr'><strong>Naevius</strong></span> <span class='ocrx_word' id='word_1_165' title='bbox 194 2529 281 2589; x_wconf 85' lang='lat' dir='ltr'><strong>certe</strong></span> <span class='ocrx_word' id='word_1_166' title='bbox 302 2524 398 2589; x_wconf 89' lang='lat' dir='ltr'><strong>rebus</strong></span> <span class='ocrx_word' id='word_1_167' title='bbox 419 2525 573 2589; x_wconf 78' lang='lat' dir='ltr'><strong>Romanis</strong></span> <span class='ocrx_word' id='word_1_168' title='bbox 597 2525 772 2610; x_wconf 85' lang='lat' dir='ltr'><strong>adaptavit.</strong></span> 
     </span>
    </p>

    <p class='ocr_par' dir='ltr' id='par_1_7' title="bbox 27 2627 1165 3451">
     <span class='ocr_line' id='line_1_23' title="bbox 122 2627 1165 2712; baseline -0.004 -20"><span class='ocrx_word' id='word_1_169' title='bbox 122 2631 236 2712; x_wconf 89' lang='lat' dir='ltr'><strong>ltaque</strong></span> <span class='ocrx_word' id='word_1_170' title='bbox 258 2651 321 2693; x_wconf 93' lang='lat' dir='ltr'><strong>non</strong></span> <span class='ocrx_word' id='word_1_171' title='bbox 344 2631 448 2694; x_wconf 90' lang='lat' dir='ltr'><strong>solum</strong></span> <span class='ocrx_word' id='word_1_172' title='bbox 471 2629 532 2694; x_wconf 93' lang='lat' dir='ltr'><strong>hoc</strong></span> <span class='ocrx_word' id='word_1_173' title='bbox 555 2629 595 2693; x_wconf 89' lang='lat' dir='ltr'><strong>de</strong></span> <span class='ocrx_word' id='word_1_174' title='bbox 619 2627 817 2694; x_wconf 86' lang='lat' dir='ltr'><strong>Graecorum</strong></span> <span class='ocrx_word' id='word_1_175' title='bbox 845 2631 1015 2712; x_wconf 85' lang='lat' dir='ltr'><strong>poetarum</strong></span> <span class='ocrx_word' id='word_1_176' title='bbox 1038 2627 1165 2709; x_wconf 80' lang='lat' dir='ltr'><strong>more⁴)</strong></span> 
     </span>
     <span class='ocr_line' id='line_1_24' title="bbox 30 2731 1164 2824; baseline -0.004 -27"><span class='ocrx_word' id='word_1_177' title='bbox 30 2733 112 2797; x_wconf 86' lang='lat' dir='ltr'><strong>fecit</strong></span> <span class='ocrx_word' id='word_1_178' title='bbox 136 2733 224 2817; x_wconf 89' lang='lat' dir='ltr'><strong>quod</strong></span> <span class='ocrx_word' id='word_1_179' title='bbox 244 2734 439 2822; x_wconf 89' lang='lat' dir='ltr'><strong>principibus</strong></span> <span class='ocrx_word' id='word_1_180' title='bbox 461 2734 578 2809; x_wconf 85' lang='lat' dir='ltr'><strong>illusit;</strong></span> <span class='ocrx_word' id='word_1_181' title='bbox 602 2734 770 2797; x_wconf 82' lang='lat' dir='ltr'><strong>sedetiam</strong></span> <span class='ocrx_word' id='word_1_182' title='bbox 787 2731 874 2824; x_wconf 91' lang='lat' dir='ltr'><strong>quod</strong></span> <span class='ocrx_word' id='word_1_183' title='bbox 893 2731 1043 2813; x_wconf 87' lang='lat' dir='ltr'><strong>antiquos</strong></span> <span class='ocrx_word' id='word_1_184' title='bbox 1059 2751 1164 2794; x_wconf 89' lang='lat' dir='ltr'><strong>mores</strong></span> 
     </span>
     <span class='ocr_line' id='line_1_25' title="bbox 28 2835 1163 2926; baseline -0.004 -23"><span class='ocrx_word' id='word_1_185' title='bbox 28 2841 148 2903; x_wconf 84' lang='lat' dir='ltr'><strong>contra</strong></span> <span class='ocrx_word' id='word_1_186' title='bbox 163 2860 261 2903; x_wconf 88' lang='lat' dir='ltr'><strong>novos</strong></span> <span class='ocrx_word' id='word_1_187' title='bbox 276 2840 404 2904; x_wconf 91' lang='lat' dir='ltr'><strong>illorum</strong></span> <span class='ocrx_word' id='word_1_188' title='bbox 420 2839 601 2926; x_wconf 90' lang='lat' dir='ltr'><strong>principum</strong></span> <span class='ocrx_word' id='word_1_189' title='bbox 618 2836 789 2904; x_wconf 86' lang='lat' dir='ltr'><strong>defendere</strong></span> <span class='ocrx_word' id='word_1_190' title='bbox 804 2858 901 2921; x_wconf 88' lang='lat' dir='ltr'><strong>quam</strong></span> <span class='ocrx_word' id='word_1_191' title='bbox 918 2835 1056 2900; x_wconf 83' lang='lat' dir='ltr'><strong>maxime</strong></span> <span class='ocrx_word' id='word_1_192' title='bbox 1072 2855 1163 2899; x_wconf 86' lang='lat' dir='ltr'><strong>cona·</strong></span> 
     </span>
     <span class='ocr_line' id='line_1_26' title="bbox 27 2939 1162 3030; baseline -0.005 -22"><span class='ocrx_word' id='word_1_193' title='bbox 27 2945 138 3008; x_wconf 88' lang='lat' dir='ltr'><strong>batur.</strong></span> <span class='ocrx_word' id='word_1_194' title='bbox 176 2945 332 3009; x_wconf 83' lang='lat' dir='ltr'><strong>Attamen</strong></span> <span class='ocrx_word' id='word_1_195' title='bbox 355 2951 472 3030; x_wconf 86' lang='lat' dir='ltr'><strong>postea</strong></span> <span class='ocrx_word' id='word_1_196' title='bbox 493 2967 592 3028; x_wconf 91' lang='lat' dir='ltr'><strong>quum</strong></span> <span class='ocrx_word' id='word_1_197' title='bbox 607 2944 733 3009; x_wconf 88' lang='lat' dir='ltr'><strong>videret</strong></span> <span class='ocrx_word' id='word_1_198' title='bbox 755 2946 878 3027; x_wconf 82' lang='lat' dir='ltr'><strong>quante</strong></span> <span class='ocrx_word' id='word_1_199' title='bbox 893 2942 969 3006; x_wconf 89' lang='lat' dir='ltr'><strong>odio</strong></span> <span class='ocrx_word' id='word_1_200' title='bbox 989 2939 1162 3004; x_wconf 85' lang='lat' dir='ltr'><strong>Africanus</strong></span> 
     </span>
     <span class='ocr_line' id='line_1_27' title="bbox 28 3044 1157 3135; baseline -0.007 -21"><span class='ocrx_word' id='word_1_201' title='bbox 28 3052 144 3114; x_wconf 86' lang='lat' dir='ltr'><strong>contra</strong></span> <span class='ocrx_word' id='word_1_202' title='bbox 166 3048 294 3113; x_wconf 84' lang='lat' dir='ltr'><strong>Poenos</strong></span> <span class='ocrx_word' id='word_1_203' title='bbox 316 3052 486 3135; x_wconf 81' lang='lat' dir='ltr'><strong>pugnaret,</strong></span> <span class='ocrx_word' id='word_1_204' title='bbox 510 3052 598 3112; x_wconf 89' lang='lat' dir='ltr'><strong>certe</strong></span> <span class='ocrx_word' id='word_1_205' title='bbox 619 3048 763 3112; x_wconf 84' lang='lat' dir='ltr'><strong>Naevius</strong></span> <span class='ocrx_word' id='word_1_206' title='bbox 785 3069 859 3112; x_wconf 89' lang='lat' dir='ltr'><strong>eum</strong></span> <span class='ocrx_word' id='word_1_207' title='bbox 881 3046 1032 3132; x_wconf 91' lang='lat' dir='ltr'><strong>persequi</strong></span> <span class='ocrx_word' id='word_1_208' title='bbox 1051 3044 1157 3118; x_wconf 89' lang='lat' dir='ltr'><strong>desiit,</strong></span> 
     </span>
     <span class='ocr_line' id='line_1_28' title="bbox 28 3148 1162 3238; baseline -0.006 -21"><span class='ocrx_word' id='word_1_209' title='bbox 28 3155 268 3238; x_wconf 69' lang='lat' dir='ltr'><strong>quinetiam</strong></span> <span class='ocrx_word' id='word_1_210' title='bbox 295 3152 450 3231; x_wconf 83' lang='lat' dir='ltr'><strong>diximus,</strong></span> <span class='ocrx_word' id='word_1_211' title='bbox 481 3175 580 3237; x_wconf 91' lang='lat' dir='ltr'><strong>quum</strong></span> <span class='ocrx_word' id='word_1_212' title='bbox 603 3153 708 3216; x_wconf 91' lang='lat' dir='ltr'><strong>Roma</strong></span> <span class='ocrx_word' id='word_1_213' title='bbox 736 3150 926 3238; x_wconf 85' lang='lat' dir='ltr'><strong>pelleretur,</strong></span> <span class='ocrx_word' id='word_1_214' title='bbox 958 3151 1066 3213; x_wconf 84' lang='lat' dir='ltr'><strong>castra</strong></span> <span class='ocrx_word' id='word_1_215' title='bbox 1094 3148 1162 3211; x_wconf 90' lang='lat' dir='ltr'><strong>eius</strong></span> 
     </span>
     <span class='ocr_line' id='line_1_29' title="bbox 29 3252 1162 3342; baseline -0.005 -19"><span class='ocrx_word' id='word_1_216' title='bbox 29 3261 188 3342; x_wconf 89' lang='lat' dir='ltr'><strong>sequutus</strong></span> <span class='ocrx_word' id='word_1_217' title='bbox 211 3279 280 3322; x_wconf 90' lang='lat' dir='ltr'><strong>esse</strong></span> <span class='ocrx_word' id='word_1_218' title='bbox 302 3258 440 3323; x_wconf 85' lang='lat' dir='ltr'><strong>videtur.</strong></span> <span class='ocrx_word' id='word_1_219' title='bbox 478 3256 590 3341; x_wconf 89' lang='lat' dir='ltr'><strong>Neque</strong></span> <span class='ocrx_word' id='word_1_220' title='bbox 613 3259 721 3320; x_wconf 85' lang='lat' dir='ltr'><strong>tamen</strong></span> <span class='ocrx_word' id='word_1_221' title='bbox 742 3256 901 3342; x_wconf 87' lang='lat' dir='ltr'><strong>principes</strong></span> <span class='ocrx_word' id='word_1_222' title='bbox 924 3254 1032 3338; x_wconf 90' lang='lat' dir='ltr'><strong>quieto</strong></span> <span class='ocrx_word' id='word_1_223' title='bbox 1056 3252 1162 3318; x_wconf 87' lang='lat' dir='ltr'><strong>animo</strong></span> 
     </span>
     <span class='ocr_line' id='line_1_30' title="bbox 29 3358 1162 3451; baseline -0.005 -23"><span class='ocrx_word' id='word_1_224' title='bbox 29 3365 90 3428; x_wconf 91' lang='lat' dir='ltr'><strong>sibi</strong></span> <span class='ocrx_word' id='word_1_225' title='bbox 113 3361 291 3429; x_wconf 85' lang='lat' dir='ltr'><strong>obtrectari</strong></span> <span class='ocrx_word' id='word_1_226' title='bbox 311 3363 397 3449; x_wconf 86' lang='lat' dir='ltr'><strong>passi</strong></span> <span class='ocrx_word' id='word_1_227' title='bbox 420 3365 506 3451; x_wconf 76' lang='lat' dir='ltr'><strong>spui,</strong></span> <span class='ocrx_word' id='word_1_228' title='bbox 530 3361 587 3426; x_wconf 90' lang='lat' dir='ltr'><strong>sed</strong></span> <span class='ocrx_word' id='word_1_229' title='bbox 609 3361 782 3426; x_wconf 85' lang='lat' dir='ltr'><strong>effecerunt</strong></span> <span class='ocrx_word' id='word_1_230' title='bbox 803 3364 841 3424; x_wconf 87' lang='lat' dir='ltr'><strong>ut</strong></span> <span class='ocrx_word' id='word_1_231' title='bbox 861 3361 895 3423; x_wconf 92' lang='lat' dir='ltr'><strong>in</strong></span> <span class='ocrx_word' id='word_1_232' title='bbox 918 3358 1044 3424; x_wconf 86' lang='lat' dir='ltr'><strong>vincula</strong></span> <span class='ocrx_word' id='word_1_233' title='bbox 1064 3359 1162 3444; x_wconf 90' lang='lat' dir='ltr'><strong>poeta</strong></span> 
     </span>
    </p>
   </div>
   <div class='ocr_carea' id='block_1_5' title="bbox 27 3577 1213 4177">
    <p class='ocr_par' dir='ltr' id='par_1_8' title="bbox 27 3577 1213 4177">
     <span class='ocr_line' id='line_1_31' title="bbox 103 3577 1159 3660; baseline -0.007 -20"><span class='ocrx_word' id='word_1_234' title='bbox 103 3592 127 3660; x_wconf 82' lang='lat'><strong>¹)¹</strong></span> <span class='ocrx_word' id='word_1_235' title='bbox 143 3591 348 3656; x_wconf 83' lang='lat' dir='ltr'><strong>„Propemodum</strong></span> <span class='ocrx_word' id='word_1_236' title='bbox 360 3592 497 3641; x_wconf 63' lang='lat' dir='ltr'><strong>consutis*</strong></span> <span class='ocrx_word' id='word_1_237' title='bbox 516 3591 578 3640; x_wconf 86' lang='lat' dir='ltr'><strong>dicit</strong></span> <span class='ocrx_word' id='word_1_238' title='bbox 602 3589 707 3640; x_wconf 84' lang='lat' dir='ltr'><strong>Gellius.</strong></span> <span class='ocrx_word' id='word_1_239' title='bbox 729 3577 759 3626; x_wconf 58' lang='lat'><strong>-&#39;</strong></span> <span class='ocrx_word' id='word_1_240' title='bbox 786 3590 808 3651; x_wconf 72' lang='grc' dir='ltr'><strong>Ι)</strong></span> <span class='ocrx_word' id='word_1_241' title='bbox 827 3588 859 3638; x_wconf 83' lang='lat' dir='ltr'><strong>cf.</strong></span> <span class='ocrx_word' id='word_1_242' title='bbox 877 3587 973 3638; x_wconf 88' lang='lat' dir='ltr'><strong>Ritsch.</strong></span> <span class='ocrx_word' id='word_1_243' title='bbox 992 3603 1046 3651; x_wconf 80' lang='lat' dir='ltr'><strong>pur.</strong></span> <span class='ocrx_word' id='word_1_244' title='bbox 1066 3588 1106 3636; x_wconf 78' lang='lat' dir='ltr'><strong>el.</strong></span> <span class='ocrx_word' id='word_1_245' title='bbox 1126 3585 1159 3634; x_wconf 88' lang='lat' dir='ltr'><strong>cl.</strong></span> 
     </span>
     <span class='ocr_line' id='line_1_32' title="bbox 29 3673 1160 3744; baseline -0.007 -16"><span class='ocrx_word' id='word_1_246' title='bbox 29 3677 82 3728; x_wconf 81' lang='lat' dir='ltr'><strong>Cic.</strong></span> <span class='ocrx_word' id='word_1_247' title='bbox 103 3679 167 3740; x_wconf 86' lang='lat' dir='ltr'><strong>Rep.</strong></span> <span class='ocrx_word' id='word_1_248' title='bbox 188 3684 203 3726; x_wconf 90' lang='grc'><strong>4</strong></span> <span class='ocrx_word' id='word_1_249' title='bbox 223 3693 263 3740; x_wconf 85' lang='lat' dir='ltr'><strong>sp.</strong></span> <span class='ocrx_word' id='word_1_250' title='bbox 284 3677 351 3744; x_wconf 78' lang='lat' dir='ltr'><strong>Aug.</strong></span> <span class='ocrx_word' id='word_1_251' title='bbox 372 3679 401 3728; x_wconf 87' lang='lat' dir='ltr'><strong>C.</strong></span> <span class='ocrx_word' id='word_1_252' title='bbox 422 3679 454 3726; x_wconf 89' lang='lat' dir='ltr'><strong>D.</strong></span> <span class='ocrx_word' id='word_1_253' title='bbox 474 3684 498 3736; x_wconf 80' lang='lat'><strong>2,</strong></span> <span class='ocrx_word' id='word_1_254' title='bbox 519 3683 548 3726; x_wconf 83' lang='lat'><strong>9:</strong></span> <span class='ocrx_word' id='word_1_255' title='bbox 578 3678 647 3742; x_wconf 86' lang='lat' dir='ltr'><strong>„Sed</strong></span> <span class='ocrx_word' id='word_1_256' title='bbox 670 3677 796 3726; x_wconf 85' lang='lat' dir='ltr'><strong>Periclem</strong></span> <span class='ocrx_word' id='word_1_257' title='bbox 821 3691 896 3740; x_wconf 89' lang='lat' dir='ltr'><strong>quum</strong></span> <span class='ocrx_word' id='word_1_258' title='bbox 915 3676 966 3724; x_wconf 85' lang='lat' dir='ltr'><strong>iam</strong></span> <span class='ocrx_word' id='word_1_259' title='bbox 985 3688 1046 3723; x_wconf 72' lang='lat' dir='ltr'><strong>siras</strong></span> <span class='ocrx_word' id='word_1_260' title='bbox 1063 3673 1160 3721; x_wconf 82' lang='lat' dir='ltr'><strong>civitati</strong></span> 
     </span>
     <span class='ocr_line' id='line_1_33' title="bbox 27 3759 1160 3828; baseline -0.004 -14"><span class='ocrx_word' id='word_1_261' title='bbox 27 3766 143 3816; x_wconf 76' lang='lat' dir='ltr'><strong>maxims</strong></span> <span class='ocrx_word' id='word_1_262' title='bbox 161 3766 313 3814; x_wconf 85' lang='lat' dir='ltr'><strong>auctoritate</strong></span> <span class='ocrx_word' id='word_1_263' title='bbox 332 3785 397 3814; x_wconf 67' lang='lat' dir='ltr'><strong>...u</strong></span> <span class='ocrx_word' id='word_1_264' title='bbox 415 3763 567 3828; x_wconf 80' lang='lat' dir='ltr'><strong>praefuisset</strong></span> <span class='ocrx_word' id='word_1_265' title='bbox 585 3764 675 3812; x_wconf 78' lang='lat' dir='ltr'><strong>violari</strong></span> <span class='ocrx_word' id='word_1_266' title='bbox 695 3771 719 3812; x_wconf 86' lang='lat' dir='ltr'><strong>et</strong></span> <span class='ocrx_word' id='word_1_267' title='bbox 738 3764 778 3826; x_wconf 79' lang='lat' dir='ltr'><strong>agi</strong></span> <span class='ocrx_word' id='word_1_268' title='bbox 797 3763 823 3811; x_wconf 92' lang='lat' dir='ltr'><strong>in</strong></span> <span class='ocrx_word' id='word_1_269' title='bbox 841 3777 919 3812; x_wconf 88' lang='lat' dir='ltr'><strong>scena</strong></span> <span class='ocrx_word' id='word_1_270' title='bbox 936 3776 987 3810; x_wconf 92' lang='lat' dir='ltr'><strong>non</strong></span> <span class='ocrx_word' id='word_1_271' title='bbox 1005 3760 1062 3823; x_wconf 91' lang='lat' dir='ltr'><strong>plus</strong></span> <span class='ocrx_word' id='word_1_272' title='bbox 1075 3759 1160 3809; x_wconf 81' lang='lat' dir='ltr'><strong>decuit</strong></span> 
     </span>
     <span class='ocr_line' id='line_1_34' title="bbox 27 3846 1160 3916; baseline -0.006 -15"><span class='ocrx_word' id='word_1_273' title='bbox 27 3867 104 3916; x_wconf 85' lang='lat' dir='ltr'><strong>quarn</strong></span> <span class='ocrx_word' id='word_1_274' title='bbox 124 3853 145 3900; x_wconf 88' lang='lat' dir='ltr'><strong>si</strong></span> <span class='ocrx_word' id='word_1_275' title='bbox 164 3852 270 3904; x_wconf 87' lang='lat' dir='ltr'><strong>Plautus</strong></span> <span class='ocrx_word' id='word_1_276' title='bbox 290 3860 375 3901; x_wconf 81' lang='lat' dir='ltr'><strong>noster</strong></span> <span class='ocrx_word' id='word_1_277' title='bbox 391 3852 514 3900; x_wconf 80' lang='lat' dir='ltr'><strong>voluisset</strong></span> <span class='ocrx_word' id='word_1_278' title='bbox 532 3859 576 3899; x_wconf 82' lang='lat' dir='ltr'><strong>aut</strong></span> <span class='ocrx_word' id='word_1_279' title='bbox 593 3851 704 3900; x_wconf 79' lang='lat' dir='ltr'><strong>Naevius</strong></span> <span class='ocrx_word' id='word_1_280' title='bbox 722 3850 814 3899; x_wconf 88' lang='lat' dir='ltr'><strong>Publio</strong></span> <span class='ocrx_word' id='word_1_281' title='bbox 834 3857 859 3899; x_wconf 83' lang='lat' dir='ltr'><strong>et</strong></span> <span class='ocrx_word' id='word_1_282' title='bbox 877 3848 966 3898; x_wconf 76' lang='lat' dir='ltr'><strong>Gnaeo</strong></span> <span class='ocrx_word' id='word_1_283' title='bbox 985 3846 1099 3910; x_wconf 89' lang='lat' dir='ltr'><strong>Scipioni</strong></span> <span class='ocrx_word' id='word_1_284' title='bbox 1116 3851 1160 3895; x_wconf 80' lang='lat' dir='ltr'><strong>erit</strong></span> 
     </span>
     <span class='ocr_line' id='line_1_35' title="bbox 28 3933 1160 3999; baseline -0.005 -11"><span class='ocrx_word' id='word_1_285' title='bbox 28 3938 157 3988; x_wconf 85' lang='lat' dir='ltr'><strong>Caecilius</strong></span> <span class='ocrx_word' id='word_1_286' title='bbox 177 3940 267 3988; x_wconf 78' lang='lat' dir='ltr'><strong>Marco</strong></span> <span class='ocrx_word' id='word_1_287' title='bbox 281 3938 372 3989; x_wconf 84' lang='lat' dir='ltr'><strong>Catoni</strong></span> <span class='ocrx_word' id='word_1_288' title='bbox 385 3935 563 3988; x_wconf 85' lang='lat' dir='ltr'><strong>maledicere.“</strong></span> <span class='ocrx_word' id='word_1_289' title='bbox 578 3963 615 3998; x_wconf 66' lang='lat' dir='ltr'><strong>”a</strong></span> <span class='ocrx_word' id='word_1_290' title='bbox 625 3939 646 3999; x_wconf 81' lang='lat'><strong>⁸)</strong></span> <span class='ocrx_word' id='word_1_291' title='bbox 666 3936 698 3987; x_wconf 83' lang='lat' dir='ltr'><strong>cf.</strong></span> <span class='ocrx_word' id='word_1_292' title='bbox 712 3936 765 3987; x_wconf 85' lang='lat' dir='ltr'><strong>Cic.</strong></span> <span class='ocrx_word' id='word_1_293' title='bbox 779 3935 836 3986; x_wconf 82' lang='lat' dir='ltr'><strong>Cat.</strong></span> <span class='ocrx_word' id='word_1_294' title='bbox 847 3937 883 3984; x_wconf 87' lang='lat' dir='ltr'><strong>M.</strong></span> <span class='ocrx_word' id='word_1_295' title='bbox 898 3941 922 3997; x_wconf 83' lang='grc'><strong>6,</strong></span> <span class='ocrx_word' id='word_1_296' title='bbox 936 3940 976 3984; x_wconf 82' lang='lat'><strong>20.</strong></span> <span class='ocrx_word' id='word_1_297' title='bbox 997 3933 1030 3984; x_wconf 78' lang='lat' dir='ltr'><strong>ci.</strong></span> <span class='ocrx_word' id='word_1_298' title='bbox 1043 3933 1160 3984; x_wconf 84' lang='lat' dir='ltr'><strong>Ribbeck</strong></span> 
     </span>
     <span class='ocr_line' id='line_1_36' title="bbox 28 4023 1213 4090; baseline -0.003 -17"><span class='ocrx_word' id='word_1_299' title='bbox 28 4041 95 4075; x_wconf 89' lang='lat' dir='ltr'><strong>com.</strong></span> <span class='ocrx_word' id='word_1_300' title='bbox 114 4023 169 4074; x_wconf 89' lang='lat' dir='ltr'><strong>rell.</strong></span> <span class='ocrx_word' id='word_1_301' title='bbox 189 4042 213 4090; x_wconf 86' lang='lat' dir='ltr'><strong>p.</strong></span> <span class='ocrx_word' id='word_1_302' title='bbox 236 4032 267 4074; x_wconf 84' lang='grc'><strong>14</strong></span> <span class='ocrx_word' id='word_1_303' title='bbox 286 4042 305 4076; x_wconf 88' lang='lat' dir='ltr'><strong>s.</strong></span> <span class='ocrx_word' id='word_1_304' title='bbox 325 4039 349 4075; x_wconf 90' lang='lat' dir='ltr'><strong>u.</strong></span> <span class='ocrx_word' id='word_1_305' title='bbox 368 4026 451 4076; x_wconf 87' lang='lat' dir='ltr'><strong>ludus.</strong></span> <span class='ocrx_word' id='word_1_306' title='bbox 477 4049 509 4062; x_wconf 90' lang='lat'>-</span> <span class='ocrx_word' id='word_1_307' title='bbox 538 4026 561 4085; x_wconf 82' lang='lat'><strong>⁴)</strong></span> <span class='ocrx_word' id='word_1_308' title='bbox 580 4024 612 4074; x_wconf 83' lang='lat' dir='ltr'><strong>cl.</strong></span> <span class='ocrx_word' id='word_1_309' title='bbox 632 4023 697 4074; x_wconf 85' lang='lat' dir='ltr'><strong>Geli.</strong></span> <span class='ocrx_word' id='word_1_310' title='bbox 718 4030 743 4086; x_wconf 83' lang='lat'><strong>³,</strong></span> <span class='ocrx_word' id='word_1_311' title='bbox 762 4030 786 4085; x_wconf 83' lang='lat'><strong>³,</strong></span> <span class='ocrx_word' id='word_1_312' title='bbox 812 4029 841 4072; x_wconf 83' lang='lat' dir='ltr'><strong>le</strong></span> <span class='ocrx_word' id='word_1_313' title='bbox 862 4023 905 4086; x_wconf 89' lang='lat' dir='ltr'><strong>qui</strong></span> <span class='ocrx_word' id='word_1_314' title='bbox 929 4028 1040 4072; x_wconf 83' lang='lat' dir='ltr'><strong>veterem</strong></span> <span class='ocrx_word' id='word_1_315' title='bbox 1058 4033 1159 4071; x_wconf 80' lang='lat' dir='ltr'><strong>comos·</strong></span> <span class='ocrx_word' id='word_1_316' title='bbox 1211 4059 1213 4062; x_wconf 92' lang='lat'>.</span> 
     </span>
     <span class='ocr_line' id='line_1_37' title="bbox 28 4113 464 4177; baseline 0 -15"><span class='ocrx_word' id='word_1_317' title='bbox 28 4113 97 4162; x_wconf 82' lang='lat' dir='ltr'><strong>diam</strong></span> <span class='ocrx_word' id='word_1_318' title='bbox 115 4113 264 4177; x_wconf 80' lang='lat' dir='ltr'><strong>intellegere</strong></span> <span class='ocrx_word' id='word_1_319' title='bbox 282 4114 390 4163; x_wconf 82' lang='lat' dir='ltr'><strong>ridetur.</strong></span> <span class='ocrx_word' id='word_1_320' title='bbox 460 4130 464 4142; x_wconf 60' lang='lat'>*</span> 
     </span>
    </p>
   </div>
   <div class='ocr_carea' id='block_1_6' title="bbox 0 0 1373 4610">
    <p class='ocr_par' dir='ltr' id='par_1_9' title="bbox 0 0 1373 4610">
     <span class='ocr_line' id='line_1_38' title="bbox 0 0 1373 4610; baseline 0 0"><span class='ocrx_word' id='word_1_321' title='bbox 0 0 1373 4610; x_wconf 95' lang='lat' dir='ltr'><strong> </strong></span> 
     </span>
    </p>
   </div>
  </div>
 </body>
</html>
