2712 4630
502 163 588 231 λὗἿ

79 351 153 420 Sed
182 375 247 417 non
276 351 545 437 intellegebantur
574 351 678 416 solum
707 350 1048 419 fabulaeNaeviaua'e
1078 353 1132 418 illo

10 480 162 544 empore,
192 457 250 522 sed
279 457 376 534 etia'm
405 457 585 544 agebantur
613 459 640 522 si
670 457 798 542 quidem
836 479 913 524 vera
946 461 1022 522 sunt
1051 471 1133 542 quae'

10 568 110 630 vostea
134 561 372 648 disputabimus
395 563 436 626 ad
458 563 589 648 Equum
611 563 788 628 Troianum
816 567 850 628 ct
867 563 1095 629 -Personatam
1108 567 1133 645 ¹)

10 667 60 734 leo
84 671 198 733 tamen
213 668 388 753 quidquam
412 672 614 754 compertum
637 669 793 734 habemus
815 671 936 746 utrum,
959 672 1133 752 autequam

10 777 115 838 terum
141 776 332 860 agerentur,
356 775 534 840 recensitae
556 775 622 839 sint
645 773 685 839 ab
709 774 778 838 aliis
801 775 947 860 poetiefl)

82 879 292 945 Posteriores
320 901 448 964 qnoque
463 884 587 964 poetae
609 901 839 963 nonnunquam
866 879 979 944 Naevii
1008 877 1134 943 fabulas

10 986 181 1070 espexisse
205 984 366 1049 videntur.
412 985 561 1071 Namque
583 986 708 1071 optimo
738 985 809 1049 iure
836 985 1004 1049 admonuit
1033 983 1135 1048 Lede-

10 1090 101 1152 ‚vicus
111 1093 137 1172 3)
162 1091 196 1154 iu
218 1089 330 1156 Plauti
349 1089 564 1156 Bacchidibus
575 1093 601 1172 4)
631 1090 746 1176 respici
776 1088 889 1156 Naevii
918 1090 1134 1158 Demetrium.

10 1193 126 1258 Versus
146 1194 315 1260 Plautinos
337 1196 487 1283 adposui:¹

90 1299 206 1375 „Satin
228 1305 278 1366 est
300 1303 327 1364 si
350 1303 444 1388 plura
466 1312 506 1366 ex
534 1323 585 1366 me
614 1302 724 1366 audiet
753 1301 848 1366 hodie
879 1300 979 1368 mala

91 1404 201 1486 Quam
217 1407 342 1472 audivit
363 1401 505 1491 unquam
529 1405 635 1472 Clinia
657 1430 698 1472 ex
720 1407 941 1472 Demetrioiss‘
963 1427 1044 1490 quos
1070 1425 1137 1468 ver·

10 1531 64 1588 tus,
88 1511 174 1598 proh
195 1514 317 1598 pudor,
349 1513 493 1579 Weisiue
515 1512 677 1578 referebat
698 1513 741 1578 ad
762 1512 900 1598 Turpilii
921 1510 1136 1577 Demetrium.
1220 1549 1222 1556 ,

88 1611 245 1683 Fortasse
267 1620 364 1685 etiam
387 1641 499 1684 versus
521 1619 574 1684 ille
596 1619 783 1701 Poenuli⁵):
890 1637 893 1643 ·

90 1723 288 1811 „Superavit
310 1724 432 1790 Dolum
448 1725 626 1790 Troianum
648 1727 745 1809 atque
761 1724 914 1810 Ulyssem
934 1720 1138 1788 Pseudolus“

10 1829 117 1895 dudit
138 1830 181 1894 ad
204 1845 255 1894 res
278 1850 361 1914 equo
384 1830 526 1896 Troiano
548 1831 661 1918 populi
682 1831 782 1896 oculis
810 1827 1001 1915 productas,
1031 1848 1139 1911 quam-

10 1955 101 2020 quam
134 1937 229 2023 plane
266 1936 421 2001 dissentio
456 1961 476 2001 a
501 1937 756 2017 Klussmannoi)
794 1935 849 2019 qui
887 1935 995 1997 censet
1035 1933 1139 2019 ipsam

10 2039 134 2125 Equum
149 2041 329 2108 Troianum
340 2041 462 2107 Dolum
478 2064 548 2108 esse
564 2038 801 2130 adpellatsm.⁷)
822 2039 947 2106 Alludit
963 2037 1138 2124 praeterea

10 2147 41 2210 ni
59 2148 169 2223 fallor,
194 2149 246 2221 ad,
259 2147 372 2213 Naevii
394 2147 573 2213 Hectorem
596 2147 853 2234 proticiscentem
883 2143 970 2219 „tiro
1000 2139 1141 2228 proficis-

11 2259 99 2318 cens“
118 2257 229 2320 Attae.
272 2255 383 2320 Etiam
406 2254 582 2339 scriptores
603 2273 712 2317 rerum
734 2254 899 2339 gestarum
916 2247 1029 2314 Naevii
1050 2246 1141 2312 fabu-

9 2357 45 2422 lis
68 2361 116 2424 usi
139 2357 233 2436 eunt,
264 2360 292 2424 si
314 2383 427 2424 verum,
455 2366 505 2424 est
534 2360 622 2444 qnod
648 2357 753 2422 refert·
779 2355 944 2438 Gellius,⁸)
972 2353 1141 2424 Valerium

10 2467 174 2530 Antiatem
213 2469 349 2550 propter
386 2464 567 2550 Naevianus
601 2485 714 2530 versus
749 2464 946 2527 detrectasse
982 2457 1142 2544 Scipionis

10 2572 201 2636 castitatem.
248 2569 336 2650 Quin
366 2568 538 2658 proverbia
565 2591 605 2633 ex
635 2565 748 2634 Naevii
777 2565 894 2631 fabulis
917 2566 953 2637 ,in
975 2561 1141 2628 hominum

10 2695 70 2740 ora
91 2675 351 2762 profluxerunt.⁹)
401 2703 404 2710 ·

99 2781 223 2846 Deinde
243 2782 447 2868 grammatici
468 2786 506 2845 ut
527 2777 741 2846 omuia'illius
764 2777 880 2842 aetatis
903 2796 1004 2862 opera
1024 2773 1141 2860 praeci-

80 3000 100 3058 1)
119 2996 178 3048 Nou
195 2995 310 3060 sequitur
328 3011 358 3045 ex
378 2995 441 3044 Hor.
457 3011 514 3059 epp.
534 3000 558 3066 2,
580 3001 602 3055 l,
622 2999 656 3043 58
674 2991 765 3043 Naevii
781 2990 882 3040 inbutus
895 2987 1006 3058 Augusti
1022 2993 1105 3035 secute
1118 2986 1144 3034 in

13 3086 102 3136 scholis
122 3086 250 3135 lectitasse
268 3099 323 3134 esse
342 3084 411 3147 quod
430 3083 540 3134 Stievius
558 3097 583 3146 p.
604 3079 789 3144 etpropoeuit.
810 3103 833 3114 ·-
862 3076 883 3136 ²)
903 3076 988 3136 Quam
1006 3071 1144 3122 nonnullae
1192 3063 1197 3080 ¹

13 3171 110 3224 tabulae
124 3181 150 3222 et
161 3173 259 3223 Naevio
273 3181 298 3222 et
310 3171 402 3222 Plauto
421 3170 496 3218 aliive
514 3176 606 3234 poetae
624 3166 823 3232 agrammaticis
841 3163 992 3222 tribuuntur,
1011 3162 1056 3210 viri
1076 3156 1145 3211 docti

15 3268 122 3311 statuunt
145 3261 265 3325 pristinus
289 3259 388 3310 tabulas
414 3267 506 3323 postes
530 3271 586 3306 esse
610 3253 748 3305 recensitus
776 3253 821 3302 sed
850 3251 999 3316 plerumque
1035 3249 1071 3297 ibi
1100 3256 1145 3298 eut

15 3357 157 3415 corruptum
177 3357 216 3398 cst
233 3347 328 3412 aliquid
347 3353 391 3396 ant
409 3355 514 3410 uterque
532 3351 609 3408 poeta
626 3337 738 3407 proprio
749 3340 851 3403 ingenio
871 3337 998 3388 Graecum
1022 3336 1146 3401 expressit

15 3438 165 3502 exemplum,
184 3451 293 3500 namque
318 3441 423 3500 propter
449 3435 530 3484 solum
554 3431 730 3481 recensionem
747 3425 835 3480 fabula
852 3425 984 3477 Naeviana
1007 3439 1059 3473 non
1084 3424 1147 3474 abiit
1246 3481 1256 3496 α

14 3525 74 3576 inter
93 3526 232 3576 Plautinas.
268 3523 422 3574 Bitschelins
435 3538 459 3587 p.
482 3527 530 3571 112
550 3527 637 3568 censet
654 3517 773 3586 Plautum
791 3502 918 3566 rtriesims
937 3512 1026 3564 Naevii
1044 3509 1146 3560 fabulas

15 3615 180 3675 recensuisse3
199 3613 266 3662 idem
285 3627 309 3676 p.
326 3615 375 3662 1³0
387 3609 524 3660 recensitas
544 3615 612 3656 certe
630 3605 761 3656 Plautinae
779 3619 831 3653 non
849 3617 905 3652 sese
917 3601 1059 3652 nominatas
1078 3597 1146 3646 dicit.

18 3701 35 3760 ⁸)
52 3705 104 3752 Ae.
125 3701 200 3751 Sceu.
220 3715 244 3763 p.
267 3704 305 3748 1³.
324 3725 360 3737 ·-
377 3700 399 3761 ⁴)
419 3704 443 3758 4,
465 3699 487 3758 ⁷,
508 3699 548 3747 71.
569 3694 643 3754 -'⁵)
662 3699 686 3754 4,
707 3697 730 3753 8,
751 3694 774 3741 7.
795 3717 826 3727 -·
847 3690 868 3750 ⁶)
887 3705 911 3753 p.
935 3693 990 3736 100.
1012 3711 1042 3720 -
1064 3685 1146 3746 ²)La·

16 3789 124 3839 dewicne
142 3788 194 3838 An.
213 3786 256 3838 Se.
277 3802 301 3851 p.
324 3784 513 3838 insonuerit
538 3797 626 3832 omnes
645 3779 747 3845 mythos
766 3777 880 3828 Graecos
904 3783 1004 3839 praetor
1028 3773 1147 3823 Herculis

16 3877 127 3941 mythum
152 3876 195 3939 qui
222 3875 363 3924 communie
387 3874 498 3936 utrique·
512 3867 609 3936 populo
629 3867 716 3928 tuerit,
743 3873 870 3916 mutuatos
890 3877 945 3913 csse
965 3863 1095 3912 Romanos
1114 3875 1148 3911 ex

18 3964 78 4014 Livii
102 3962 194 4015 Naevii
217 3963 295 4014 Ennii
314 3962 468 4025 tragoediis,
494 3966 585 4008 contra
610 3954 798 4007 Bernhardium
817 3953 846 4004 t.
864 3953 895 4002 R.
917 3967 941 4016 p.
965 3953 1003 4000 17.
1028 3977 1056 3986 -
1076 3951 1105 4010 8)·
1117 3947 1147 3998 N.

18 4053 44 4102 t.
67 4056 92 4114 ⁷,
113 4057 153 4102 85.
175 4079 205 4088 -
227 4051 248 4114 ⁹)
267 4049 300 4100 ct.
319 4049 431 4100 Klussm.
451 4057 476 4113 p.
497 4051 555 4096 220.
943 4067 945 4074 ⁴
