2734 4610
795 162 838 222 44

246 351 350 418 restat
371 371 469 434 quam
491 351 530 414 ot
553 347 687 412 alteram
711 349 903 413 sententiam
925 350 1071 412 nostram
1097 345 1288 412 faciamus
1319 351 1341 436 ql

245 455 419 544 proposuit
404 453 628 520 tWiillnerus
651 474 775 536 quum
767 452 918 537 diceret,
946 455 1120 538 propterea
1152 445 1341 516 Enniuml

246 561 387 648 primum
409 559 574 624 Hexamat
575 579 629 622 ros
652 556 765 622 fecisse
787 557 875 652 quod
896 557 1020 644 prImus
1043 579 1158 622 veram
1189 547 1341 624 laudeml

246 669 353 732 metro
377 663 544 739 werneri,
572 661 793 728 utGermani
815 684 944 746 quoque
965 661 1241 749 Klopstoclrium
1269 663 1341 748 prim

246 769 422 836 hexamet'
381 773 441 834 tris
463 789 561 832 usum
576 790 646 834 esse
661 773 793 855 possent
814 769 921 834 dicere
936 789 1035 852 quum
1049 767 1235 834 Fisaharti
1253 777 1341 840 mem<

246 897 348 963 prope
371 873 489 938 obruta
513 874 564 942 sit.
1340 847 1341 948 l

333 978 469 1044 Accedit
498 978 586 1063 quod
616 979 723 1044 omnia
751 978 818 1043 lere
847 978 1031 1044 testimonia
1057 994 1089 1042 ι’
1099 976 1337 1063 grammaticis

208 1075 211 1090 ⁴
245 1083 392 1150 versibus
413 1083 542 1170 prolata
563 1083 658 1148 firma
679 1083 742 1148 fide
765 1085 891 1158 carent,
915 1105 999 1166 quae
1021 1085 1048 1148 si
1070 1082 1234 1146 timidius
1260 1079 1341 1166 sequi

246 1211 332 1264 mur,
366 1188 545 1254 necessario
576 1191 790 1252 statueremus
819 1189 950 1252 Livium
981 1187 1166 1280 Odysseam
1203 1210 1281 1252 non
1307 1185 1341 1280 all

247 1295 327 1360 sisse
357 1295 510 1360 saturniis
538 1293 683 1358 versibus
713 1293 915 1368 „saturnium
951 1295 1036 1358 enim
1068 1295 1103 1358 iu
1140 1283 1341 1388 honoreml

246 1399 387 1466 Naevius
417 1400 561 1465 invenit“
590 1401 628 1462 ut
659 1397 753 1462 docet
781 1397 968 1464 Diomedes.
981 1401 1007 1482 1)
1051 1397 1124 1474 Sed,
1156 1398 1305 1464 omnino
1340 1397 1341 1408 ’

246 1506 354 1591 magni
375 1505 583 1570 aestimamus
599 1502 772 1568 summaria
794 1503 872 1568 haec
887 1505 1174 1590 grammaticorum
1205 1503 1332 1568 testimo

245 1633 345 1694 quum
367 1608 451 1672 idem
474 1606 619 1672 Isidorus
640 1607 748 1693 paullo
771 1614 944 1694 postquam
966 1611 1008 1674 de
1022 1609 1129 1675 Ennio
1145 1611 1251 1684 dixit,
1276 1632 1297 1671 n

233 1713 384 1798 Moysen
406 1711 604 1778 hexametris
626 1713 786 1778 cecinisse.
832 1716 948 1800 Itaque
964 1715 1067 1780 multo
1088 1717 1195 1801 magis
1222 1715 1293 1778 fide
1306 1712 1328 1775 ‹li

245 1821 321 1882 sunt
343 1818 389 1882 illi
411 1816 556 1904 ipsiloci
579 1818 634 1902 qui
655 1841 697 1883 ex
720 1821 890 1906 poetarum
919 1819 1009 1884 libris
1036 1819 1131 1884 nohis
1155 1819 1281 1884 traditi
1300 1839 1312 1880 s

244 1922 289 1988 ibi
317 1924 402 1990 enim
431 1946 490 1990 nos
518 1924 580 2012 ipsi
608 1924 753 1990 videmus
784 1947 842 1990 neo
871 1925 1066 1990 credendum
1091 1926 1144 1989 est
1167 1924 1298 1990 Isidori
1332 1921 1335 1930 ’

243 2050 356 2094 rumve
379 2029 488 2096 oculis.
819 2035 825 2044 '

280 2119 445 2221 Neque
467 2135 533 2199 ulla
555 2134 618 2198 alia
640 2154 751 2200 caussa
773 2135 824 2196 est
845 2153 903 2196 cur
917 2131 1041 2198 Naevio
1063 2087 1280 2200 hexametros
1302 2155 1316 2195 a

244 2261 357 2328 gemus
369 2243 404 2320 ²),
437 2237 596 2304 Graecam
620 2237 704 2303 eninr
725 2238 869 2322 linguam
891 2259 967 2302 eum
994 2239 1090 2304 scisse
1112 2262 1154 2304 ex
1173 2239 1299 2306 fabulis
1327 2235 1331 2246 '

244 2344 459 2430 intellegitur,
499 2341 615 2406 deinde
650 2341 788 2406 Homeri
821 2342 966 2406 studium
996 2342 1104 2428 paullo
1134 2350 1212 2410 ante
1248 2369 1270 2410 a
1294 2338 1338 2408 hi'

244 2469 412 2514 accensum
434 2448 506 2538 erat
528 2445 661 2512 Romae.
708 2444 797 2526 Quin
819 2447 936 2532 mirum
967 2439 1062 2512 esset
1079 2447 1141 2511 nisi
1170 2451 1247 2532 quis
1280 2469 1316 2536 pa

158 2605 161 2612 .
244 2556 320 2640 post
344 2549 525 2638 Odysseam
549 2552 669 2617 editam
692 2554 838 2617 curasset
859 2555 899 2618 ut
920 2553 998 2617 Ilias
1027 2573 1155 2638 quoque
1183 2559 1314 2618 vertere

245 2657 314 2724 Nec
343 2658 455 2724 deerat
483 2656 607 2723 Naevio
636 2659 800 2745 Ingenium
831 2661 870 2722 ut
899 2681 1018 2723 novum
1041 2658 1119 2742 quid
1139 2658 1296 2732 auderet,
1322 2675 1334 2736 q

245 2765 329 2828 enim
352 2785 468 2828 novam
490 2784 558 2828 rem
589 2765 700 2829 vetere
730 2768 835 2828 metro
864 2763 1010 2837 inclusit,
1043 2765 1129 2828 idem
1162 2786 1248 2828 novo
1280 2782 1324 2826 me

245 2890 315 2934 rem
337 2868 492 2934 traditam
515 2866 751 2932 includeret
691 2891 734 2954 po
736 2869 810 2932 tult.
854 2867 901 2932 Et
923 2873 1050 2933 tantum
1066 2866 1129 2933 fuit
1143 2871 1249 2933 nostri
1265 2887 1320 2954 poe

243 2951 418 3060 ingenium,
441 2977 480 3038 ut
502 2995 564 3058 pro
586 2975 675 3037 certo
698 2976 843 3037 statuere
863 2959 994 3050 liceat,
997 2995 1081 3050 eum,
1106 2975 1132 3038 si
1154 2973 1289 3038 Iliadem
1310 2991 1325 3032 r

243 3079 353 3154 tisset,
383 3078 595 3154 hexametris,
625 3099 691 3142 non
720 3079 874 3142 saturniis
896 3078 997 3142 aliove
1026 3082 1130 3144 metro
1153 3100 1246 3142 usum
1269 3075 1324 3141 suis

245 3183 312 3250 Sed
341 3182 483 3248 Naevius
520 3205 586 3250 non
621 3183 751 3270 scripsit
781 3183 925 3248 Iliadem.
961 3181 1159 3268 Namque
1154 3185 1193 3248 ut
1227 3183 1329 3249 omitt

239 3309 336 3354 nunc
349 3289 467 3354 mirum
488 3288 569 3354 illud
592 3288 695 3354 silent
672 3293 753 3354 trum
776 3311 842 3374 quo
863 3288 947 3353 Ilias
961 3286 1125 3409 Naeviana
1145 3289 1191 3354 lat
1176 3293 1240 3366 tet,
1263 3304 1326 3352 vers

509 3407 512 3412 '
921 3414 924 3418 ·
1340 3397 1341 3448 l

316 3522 380 3586 ¹.)p
400 3525 450 3570 sla
469 3521 561 3570 Κ-
587 3519 739 3580 ¹.)Klussm
764 3533 789 3582 p.
810 3525 843 3570 86
863 3520 990 3572 declamat
1014 3528 1103 3570 eontra
1128 3535 1172 3569 eos
1190 3521 1231 3583 qui
1225 3471 1341 3570 uscarl

245 3609 333 3660 Illadis
352 3617 482 3662 auctorem
501 3623 558 3658 esse
576 3613 697 3657 statuunt.
734 3607 851 3671 Namque
870 3611 891 3658 si
910 3609 986 3658 rarus
1002 3607 1123 3670 Iliadem,
1146 3608 1214 3672 prius
1231 3615 1294 3657 certa
1309 3583 1341 3690 “h

243 3697 275 3748 tir
293 3713 368 3761 quam
388 3697 490 3760 scalpsit
506 3695 602 3746 bellurn
620 3695 760 3745 Punicum.
783 3696 843 3744 Hoc
861 3710 922 3746 vcro
941 3695 997 3744 fieri
1014 3710 1089 3760 posse
1107 3702 1184 3760 negat
1199 3696 1239 3742 ΚΖ
1250 3702 1275 3744 ιιι
1291 3689 1341 3762 poelt

244 3783 276 3834 ab
288 3786 439 3835 hexametro
452 3791 624 3847 transgressus
642 3784 676 3833 sit
693 3784 726 3832 ad
744 3763 883 3832 saturnium
902 3796 1013 3840 versum,
1031 3797 1047 3830 a
1064 3783 1183 3846 politiore
1200 3783 1269 3846 Igitur
1285 3781 1341 3860 mett

244 3874 276 3922 sd
295 3873 388 3922 rudius.
426 3871 478 3922 Sed
496 3873 560 3922 hsce
572 3887 613 3922 res
632 3872 694 3921 nihil
713 3872 883 3928 demonstrat,
902 3868 1010 3920 fortasse
1029 3871 1096 3922 enirn
1119 3869 1228 3919 Naevius
1244 3863 1341 3932 saturati

245 3975 308 4024 quos
327 3959 424 4010 faceret
441 3975 492 4010 non
512 3961 611 4010 censuit
628 3959 743 4008 rudiores
763 3972 914 4021 essequam
933 3957 1104 4018 hexametros,
1122 3959 1230 4024 aptiores
1250 3971 1303 4006 vero
1321 3939 1341 4010 tl

244 4049 423 4098 describendas
441 4063 482 4098 res
501 4065 517 4098 a
534 4047 656 4098 Romanis
674 4053 766 4110 gestas.
1340 4017 1341 4086 l

1335 4205 1341 4250 l
