2734 4610
590 171 610 232 b

17 355 174 422 Naevius
185 358 236 422 est
252 357 418 422 mortuus:
440 377 637 442 quamquam
649 357 757 424 Varro
771 361 893 436 noster,
906 358 1169 446 diligentissimus

17 462 245 547 investigator
262 462 465 546 antiquitatis
476 465 578 549 'putet
593 461 704 528 inhoo
719 466 863 530 erratum
878 465 1042 550 vitamque
1056 464 1171 532 Naevii

22 568 186 653 producit
208 566 346 652 longius.
388 565 473 632 Nam
489 567 626 632 Plautus
649 568 765 654 viginti
784 569 875 634 annis
897 571 974 654 post
995 569 1067 635 illos
1088 592 1169 654 quos

24 676 108 738 ante
132 672 200 736 dixi
222 671 369 738 consules
392 674 541 736 mortuus
563 675 613 738 est
637 670 765 738 (latone
787 678 948 739 censore.“

121 777 226 861 Atqui
251 777 302 842 M.
326 773 496 852 Cornelius
520 775 686 862 Cethegus
717 780 751 842 et
771 776 810 842 P.
835 775 1045 864 Sempronius
1071 778 1170 844 Tudi-

26 885 129 948 tanus
145 881 293 947 eonsules
315 883 408 945 erant
430 877 514 947 anno
536 887 600 946 550
623 903 688 965 quo
709 902 792 947 anno
809 881 895 947 Cato
912 885 1065 968 quaestor
1087 885 1168 948 erat.
1290 946 1295 950 .

26 985 121 1051 Cum
147 986 210 1051 hoo
225 983 389 1051 Ciceronis
412 986 598 1051 testimonio
621 987 781 1066 consentit
798 985 1020 1074 Hieronymus
1042 987 1084 1056 ad
1105 987 1170 1052 Eu-

24 1091 114 1154 sebii
130 1090 301 1156 chronicon
316 1092 371 1174 qui
386 1091 428 1156 ad
445 1088 673 1177 Olympiadem
700 1096 762 1155 144
777 1090 856 1156 haec
871 1089 987 1156 refert:
1011 1091 1169 1175 „Naevius
1207 1112 1211 1124 ‘

29 1193 191 1260 Comicus
218 1195 335 1260 Uticae
367 1195 506 1262 moritur
528 1194 641 1280 pulsus
664 1195 770 1260 Roma
796 1193 935 1261 factione
953 1196 1109 1262 nobilium
1132 1218 1171 1262 ac

25 1301 205 1386 praecipue
227 1299 380 1366 Metellis
425 1297 525 1379 Quod
554 1300 638 1364 enim
665 1299 888 1386 Hieronymus
917 1301 1003 1366 hanc?
1028 1323 1097 1366 rem
1127 1299 1170 1364 ad

23 1427 153 1486 aunum
175 1406 309 1468 tertium
331 1404 415 1469 illius
439 1402 645 1490 Olympiadis
668 1403 780 1480 refert,
804 1426 869 1468 non
884 1407 1057 1490 repugnat,
1082 1403 1169 1487 quod
1254 1409 1258 1422 ’

26 1508 235 1595 singulorum
250 1531 407 1576 annorum
423 1509 550 1573 numeri
572 1509 606 1574 in
623 1509 768 1594 margine
782 1508 828 1574 ibi
838 1508 941 1574 additi
955 1531 1021 1574 non
1036 1507 1169 1574 consilio

24 1615 89 1678 sed
102 1613 252 1678 fortuito
276 1611 441 1678 distributi
463 1602 549 1681 sunt.

121 1716 190 1784 Sed
211 1739 263 1782 res
285 1721 372 1783 certe
394 1719 476 1782 mira
497 1720 584 1782 esset
599 1717 626 1781 si
642 1739 715 1782 eum
731 1716 952 1784 Klussmanno
969 1721 1168 1804 putaremus,

25 1821 192 1912 Naevium
214 1821 351 1888 Uticam·
373 1820 495 1909 fugisse
516 1821 624 1906 ibique
647 1825 813 1888 mortuum
836 1845 924 1900 esse3
956 1844 1056 1908 quum
1084 1823 1169 1887 enim

28 1927 133 1994 Utica
154 1926 189 1991 id
211 1928 368 2013 temporis
390 1951 410 1991 a
433 1926 749 2014 Carthaginiensium
766 1927 914 2013 partibus
937 1931 1048 2004 staret,
1072 1931 1170 2015 poeta
1243 1917 1247 1928 ’

29 2032 89 2116 qui
119 2033 188 2118 ipse
217 2031 335 2098 bellum
357 2031 516 2098 Punicum
538 2023 719 2118 ¹scripserat
746 2032 879 2118 ipseque
906 2037 1019 2097 contra
1041 2032 1169 2099 Paenos

31 2157 127 2200 arma
149 2141 295 2223 gesserat
311 2137 401 2223 prius
423 2137 465 2201 ad
486 2137 618 2202 ultimas
640 2140 747 2202 terrae
769 2159 859 2214 oras,
882 2137 993 2212 credo,
1017 2141 1114 2221 quam
1136 2137 1170 2202 in

31 2240 197 2306 civitatem
211 2241 355 2308 hostium
377 2241 524 2328 fugisset,
548 2243 738 2334 praesertim
761 2262 861 2327 quum
883 2241 1049 2332 videamus
1072 2264 1170 2326 quam
1258 2293 1273 2322 ,

31 2348 188 2412 constans
210 2348 244 2410 in
266 2337 342 2412 odio
365 2346 473 2425 fuerit,
496 2369 607 2431 quum,
631 2369 760 2412 carcere
775 2351 895 2434 spret0,
917 2346 1070 2413 Metellos
1085 2346 1171 2412 iden·

31 2451 136 2514 tidem
157 2451 311 2518 laederet.
357 2449 468 2532 Quum
498 2473 575 2517 vero
598 2452 750 2532 Livius1)
776 2455 905 2530 narret,
931 2474 970 2518 eo
991 2453 1064 2539 ipso
1086 2467 1170 2518 anno
1290 2465 1295 2478 ·

33 2553 221 2640 Scipionem
248 2555 380 2642 Uticam
407 2557 546 2622 frustras
564 2580 770 2644 oppugnasse
799 2561 833 2623 et
862 2579 965 2644 prope
996 2557 1109 2622 urbem
1137 2557 1171 2622 in

35 2662 261 2745 promontorio
275 2665 380 2728 castra
394 2661 517 2739 fecisse,
540 2664 648 2728 nescio
663 2661 742 2746 quid
757 2662 875 2739 obstet,
891 2683 932 2726 ne
946 2662 1015 2748 ipse
1029 2659 1170 2727 Naevius

33 2765 95 2848 qui
117 2786 182 2830 non
204 2767 276 2830 exul
297 2766 437 2852 fectusl)
468 2768 526 2832 sed
552 2766 694 2833 factione
715 2769 842 2832 tantum
866 2765 979 2854 pulsus
1002 2767 1066 2842 est,
1095 2765 1171 2830 huie

33 2871 236 2958 expeditioni
263 2893 334 2938 sese
362 2867 546 2938 adiunxerit
576 2894 737 2957 senexque
758 2871 835 2937 belli
860 2870 1024 2938 laboribus
1047 2867 1170 2935 fractus

32 2976 77 3039 sit
93 2993 196 3062 prope
210 2976 353 3044 Uticam.
392 2976 459 3058 Qui
479 2977 555 3042 finis
571 2978 657 3044 ritae
672 2965 759 3042 certe
778 2977 895 3063 dignus
917 2978 970 3041 est
983 2976 1053 3071 vita
1066 2975 1171 3044 nostri

32 3084 162 3166 poetae.
847 3089 849 3096 ⁴
1151 3085 1164 3146 ’ἶ

123 3185 337 3271 Epigramma
359 3190 484 3265 autem,
515 3187 602 3271 quod
631 3169 702 3274 ipse
722 3185 865 3253 Naevius
888 3184 922 3250 in
944 3205 979 3250 se
1006 3186 1172 3250 mortuum
1284 3265 1288 3270 Ι

35 3289 169 3376 scripsit
192 3292 276 3356 teste
298 3289 416 3368 Gellio,
425 3294 451 3376 ³)
472 3313 537 3356 non
559 3295 711 3368 testatur,
734 3311 771 3356 re
791 3289 1066 3377 verasepulorum
1090 3289 1174 3376 posi-

33 3396 107 3458 tum
122 3415 193 3458 esse
208 3399 333 3481 poetae,
357 3401 397 3461 ut
417 3400 527 3462 censet
542 3396 790 3472 Klussmannus,
800 3397 827 3480 ⁴)
847 3394 906 3460 sed
920 3393 1012 3460 facile
1027 3395 1060 3460 in
1076 3395 1174 3480 scrip·
1195 3381 1198 3386 ¹

36 3499 79 3563 tis
102 3496 276 3564 Naevianis
310 3506 422 3567 extare
454 3503 573 3590 potuit.
625 3501 782 3567 Mortuus
808 3503 866 3590 „est
897 3499 1000 3586 igitur
1032 3498 1174 3566 Naevius

35 3624 140 3688 prope
162 3603 296 3670 Uticam
318 3629 402 3672 anno
426 3613 500 3673 550.

125 3706 193 3775 Sed
207 3709 352 3787 nonnulli
367 3712 428 3776 viri
443 3711 532 3778 docti
543 3713 570 3796 5)
591 3713 785 3790 censuerunt
798 3709 960 3776 Naevium
975 3709 1048 3776 illos
1062 3729 1174 3774 versus

108 3959 128 4019 ¹)
146 3957 178 4008 ei.
192 3958 247 4008 Lis.
262 3963 305 4019 29,
319 3963 361 4010 85.
377 3981 407 3998 ’-
423 3963 444 4024 ¹)
454 3959 535 4012 ‚Errat
553 3958 695 4010 Teuffelius
713 3959 730 4008 l.
749 3959 765 4008 l.
780 3983 813 3994 —
833 3957 855 4020 ⁸)
875 3954 940 4007 G'ell.
958 3955 990 4006 N.
1009 3956 1043 4006 Δ.
1059 3961 1136 4019 1,24‚
1150 3960 1173 4004 2.

34 4045 57 4107 ⁴)
75 4045 117 4096 m.
137 4060 161 4110 p.
181 4051 223 4096 rr.
246 4073 279 4083 -
296 4029 322 4108 ἐ)
337 4045 375 4096 er.
395 4047 520 4098 serrarum
540 4047 606 4112 spu.
626 4045 678 4096 nn.
697 4046 731 4096 A.
750 4045 784 4096 a.
804 4049 869 4096 ren
891 4058 916 4110 p.
936 4047 995 4094 aar.
