<?xml version="1.0" encoding="UTF-8"?>
<!DOCTYPE html PUBLIC "-//W3C//DTD XHTML 1.0 Transitional//EN"
    "http://www.w3.org/TR/xhtml1/DTD/xhtml1-transitional.dtd">
<html xmlns="http://www.w3.org/1999/xhtml" xml:lang="en" lang="en">
 <head>
  <title>
</title>
<meta http-equiv="Content-Type" content="text/html;charset=utf-8" />
  <meta name='ocr-system' content='tesseract 3.04.00' />
  <meta name='ocr-capabilities' content='ocr_page ocr_carea ocr_par ocr_line ocrx_word'/>
</head>
<body>
  <div class='ocr_page' id='page_1' title='image "./degnnaeviipoeta00bercgoog_0036.png"; bbox 0 0 2734 4610; ppageno 0'>
   <div class='ocr_carea' id='block_1_1' title="bbox 551 199 591 260">
    <p class='ocr_par' dir='ltr' id='par_1_1' title="bbox 551 199 591 260">
     <span class='ocr_line' id='line_1_1' title="bbox 551 199 591 260; baseline 0.05 -2"><span class='ocrx_word' id='word_1_1' title='bbox 551 199 591 260; x_wconf 76' lang='grc'><strong>26</strong></span> 
     </span>
    </p>
   </div>
   <div class='ocr_carea' id='block_1_2' title="bbox 461 285 670 296">
    <p class='ocr_par' dir='ltr' id='par_1_2' title="bbox 461 285 670 296">
     <span class='ocr_line' id='line_1_2' title="bbox 461 285 670 296; baseline 0.01 -3"><span class='ocrx_word' id='word_1_2' title='bbox 461 285 670 296; x_wconf 79' lang='grc'><strong><em>----.-.-.-..</em></strong></span> 
     </span>
    </p>
   </div>
   <div class='ocr_carea' id='block_1_3' title="bbox 29 393 1132 1110">
    <p class='ocr_par' dir='ltr' id='par_1_3' title="bbox 29 393 1132 1110">
     <span class='ocr_line' id='line_1_3' title="bbox 365 393 666 452; baseline -0.013 -3"><span class='ocrx_word' id='word_1_3' title='bbox 365 411 369 420; x_wconf 81' lang='grc'><em>’</em></span> <span class='ocrx_word' id='word_1_4' title='bbox 485 393 559 452; x_wconf 77' lang='lat' dir='ltr'><strong>Lib.</strong></span> <span class='ocrx_word' id='word_1_5' title='bbox 582 395 646 452; x_wconf 86' lang='grc' dir='ltr'><strong>ΠΙ.</strong></span> <span class='ocrx_word' id='word_1_6' title='bbox 664 441 666 445; x_wconf 90' lang='grc'>.</span> 
     </span>
     <span class='ocr_line' id='line_1_4' title="bbox 29 489 845 578; baseline 0.006 -26"><span class='ocrx_word' id='word_1_7' title='bbox 29 489 223 571; x_wconf 85' lang='lat' dir='ltr'><strong>Postquam</strong></span> <span class='ocrx_word' id='word_1_8' title='bbox 249 507 323 554; x_wconf 85' lang='lat' dir='ltr'><strong>aves</strong></span> <span class='ocrx_word' id='word_1_9' title='bbox 346 491 474 575; x_wconf 83' lang='lat' dir='ltr'><strong>aspexit</strong></span> <span class='ocrx_word' id='word_1_10' title='bbox 495 492 528 556; x_wconf 89' lang='lat' dir='ltr'><strong>in</strong></span> <span class='ocrx_word' id='word_1_11' title='bbox 551 493 672 578; x_wconf 88' lang='lat' dir='ltr'><strong>templo</strong></span> <span class='ocrx_word' id='word_1_12' title='bbox 688 491 845 557; x_wconf 86' lang='lat' dir='ltr'><strong>Anchises</strong></span> 
     </span>
     <span class='ocr_line' id='line_1_5' title="bbox 32 593 848 683; baseline 0.005 -25"><span class='ocrx_word' id='word_1_13' title='bbox 32 593 143 658; x_wconf 85' lang='lat' dir='ltr'><strong>Sacra</strong></span> <span class='ocrx_word' id='word_1_14' title='bbox 163 594 197 656; x_wconf 91' lang='lat' dir='ltr'><strong>in</strong></span> <span class='ocrx_word' id='word_1_15' title='bbox 218 602 330 658; x_wconf 78' lang='lat' dir='ltr'><strong>mensa</strong></span> <span class='ocrx_word' id='word_1_16' title='bbox 351 595 525 660; x_wconf 80' lang='lat' dir='ltr'>Penatium</span> <span class='ocrx_word' id='word_1_17' title='bbox 549 597 660 662; x_wconf 84' lang='lat' dir='ltr'>ordine</span> <span class='ocrx_word' id='word_1_18' title='bbox 683 601 848 683; x_wconf 90' lang='lat' dir='ltr'><strong>ponuntur</strong></span> 
     </span>
     <span class='ocr_line' id='line_1_6' title="bbox 32 699 1132 795; baseline 0.008 -33"><span class='ocrx_word' id='word_1_19' title='bbox 32 700 269 782; x_wconf 85' lang='lat' dir='ltr'><strong>Auratamque</strong></span> <span class='ocrx_word' id='word_1_20' title='bbox 288 699 486 764; x_wconf 85' lang='lat' dir='ltr'><strong>inmolabont</strong></span> <span class='ocrx_word' id='word_1_21' title='bbox 507 701 671 765; x_wconf 86' lang='lat' dir='ltr'><strong>victimam</strong></span> <span class='ocrx_word' id='word_1_22' title='bbox 695 702 838 788; x_wconf 86' lang='lat' dir='ltr'><strong>pulcram</strong></span> <span class='ocrx_word' id='word_1_23' title='bbox 859 701 914 784; x_wconf 90' lang='lat' dir='ltr'><strong>(cf.</strong></span> <span class='ocrx_word' id='word_1_24' title='bbox 931 703 1025 795; x_wconf 67' lang='lat' dir='ltr'><strong>Vahl.</strong></span> <span class='ocrx_word' id='word_1_25' title='bbox 1050 714 1078 783; x_wconf 88' lang='lat'><strong>1,</strong></span> <span class='ocrx_word' id='word_1_26' title='bbox 1102 712 1132 790; x_wconf 98' lang='grc'><strong>2)</strong></span> 
     </span>
     <span class='ocr_line' id='line_1_7' title="bbox 33 803 901 898; baseline 0.006 -31"><span class='ocrx_word' id='word_1_27' title='bbox 33 803 226 887; x_wconf 75' lang='lat' dir='ltr'><strong>Mariusque</strong></span> <span class='ocrx_word' id='word_1_28' title='bbox 245 825 356 868; x_wconf 86' lang='lat' dir='ltr'><strong>susum</strong></span> <span class='ocrx_word' id='word_1_29' title='bbox 380 804 569 898; x_wconf 63' lang='lat' dir='ltr'><strong>ad’coelnm</strong></span> <span class='ocrx_word' id='word_1_30' title='bbox 593 807 724 878; x_wconf 77' lang='lat' dir='ltr'><strong>sustulit</strong></span> <span class='ocrx_word' id='word_1_31' title='bbox 746 829 821 872; x_wconf 86' lang='lat' dir='ltr'><strong>suas</strong></span> <span class='ocrx_word' id='word_1_32' title='bbox 843 829 901 872; x_wconf 84' lang='lat' dir='ltr'><strong>rex</strong></span> 
     </span>
     <span class='ocr_line' id='line_1_8' title="bbox 34 908 810 993; baseline 0.008 -23"><span class='ocrx_word' id='word_1_33' title='bbox 34 908 192 992; x_wconf 76' lang='lat' dir='ltr'>Amulius</span> <span class='ocrx_word' id='word_1_34' title='bbox 214 909 399 993; x_wconf 75' lang='lat' dir='ltr'><strong>gratulatur</strong></span> <span class='ocrx_word' id='word_1_35' title='bbox 421 909 503 974; x_wconf 82' lang='lat' dir='ltr'><strong>divis</strong></span> <span class='ocrx_word' id='word_1_36' title='bbox 525 909 577 990; x_wconf 88' lang='lat' dir='ltr'><strong>(cf.</strong></span> <span class='ocrx_word' id='word_1_37' title='bbox 602 910 697 985; x_wconf 90' lang='lat' dir='ltr'><strong>Vahl,</strong></span> <span class='ocrx_word' id='word_1_38' title='bbox 723 918 752 987; x_wconf 87' lang='grc'><strong>2,</strong></span> <span class='ocrx_word' id='word_1_39' title='bbox 778 917 810 992; x_wconf 90' lang='grc'><strong>2)</strong></span> 
     </span>
     <span class='ocr_line' id='line_1_9' title="bbox 34 1011 1132 1110; baseline 0.007 -35"><span class='ocrx_word' id='word_1_40' title='bbox 34 1011 145 1076; x_wconf 80' lang='lat' dir='ltr'><strong>Simul</strong></span> <span class='ocrx_word' id='word_1_41' title='bbox 161 1014 283 1078; x_wconf 84' lang='lat' dir='ltr'><strong>atrocia</strong></span> <span class='ocrx_word' id='word_1_42' title='bbox 296 1013 495 1098; x_wconf 83' lang='lat' dir='ltr'><strong>porricerent</strong></span> <span class='ocrx_word' id='word_1_43' title='bbox 511 1017 589 1079; x_wconf 79' lang='lat' dir='ltr'><strong>exta</strong></span> <span class='ocrx_word' id='word_1_44' title='bbox 612 1016 849 1082; x_wconf 75' lang='lat' dir='ltr'><strong>ministratores</strong></span> <span class='ocrx_word' id='word_1_45' title='bbox 865 1017 1027 1110; x_wconf 19' lang='lat' dir='ltr'><strong>(ot-Vahls</strong></span> <span class='ocrx_word' id='word_1_46' title='bbox 1042 1025 1072 1096; x_wconf 84' lang='lat'><strong>3,</strong></span> <span class='ocrx_word' id='word_1_47' title='bbox 1092 1025 1132 1101; x_wconf 91' lang='lat'><strong>1.)</strong></span> 
     </span>
    </p>
   </div>
   <div class='ocr_carea' id='block_1_4' title="bbox 38 1163 1133 1870">
    <p class='ocr_par' dir='ltr' id='par_1_4' title="bbox 38 1163 1133 1870">
     <span class='ocr_line' id='line_1_10' title="bbox 492 1163 646 1220; baseline 0.006 -1"><span class='ocrx_word' id='word_1_48' title='bbox 492 1163 565 1220; x_wconf 74' lang='lat' dir='ltr'><strong>Lib.</strong></span> <span class='ocrx_word' id='word_1_49' title='bbox 589 1165 646 1220; x_wconf 84' lang='lat' dir='ltr'><strong>IV.</strong></span> 
     </span>
     <span class='ocr_line' id='line_1_11' title="bbox 43 1257 1030 1347; baseline 0.007 -27"><span class='ocrx_word' id='word_1_50' title='bbox 43 1257 178 1320; x_wconf 80' lang='lat' dir='ltr'><strong>Transit</strong></span> <span class='ocrx_word' id='word_1_51' title='bbox 200 1257 348 1322; x_wconf 87' lang='lat' dir='ltr'><strong>Melitam</strong></span> <span class='ocrx_word' id='word_1_52' title='bbox 372 1259 537 1326; x_wconf 85' lang='lat' dir='ltr'><strong>Romanus</strong></span> <span class='ocrx_word' id='word_1_53' title='bbox 562 1261 697 1324; x_wconf 88' lang='lat' dir='ltr'><strong>insulam</strong></span> <span class='ocrx_word' id='word_1_54' title='bbox 721 1262 880 1347; x_wconf 85' lang='lat' dir='ltr'><strong>integram</strong></span> <span class='ocrx_word' id='word_1_55' title='bbox 904 1285 1030 1327; x_wconf 89' lang='lat' dir='ltr'><strong>ornnem</strong></span> 
     </span>
     <span class='ocr_line' id='line_1_12' title="bbox 39 1351 1133 1450; baseline 0.006 -25"><span class='ocrx_word' id='word_1_56' title='bbox 39 1361 121 1425; x_wconf 88' lang='lat' dir='ltr'><strong>Urit</strong></span> <span class='ocrx_word' id='word_1_57' title='bbox 133 1351 310 1448; x_wconf 81' lang='lat' dir='ltr'><strong>populatur</strong></span> <span class='ocrx_word' id='word_1_58' title='bbox 325 1368 513 1429; x_wconf 84' lang='lat' dir='ltr'><strong>vastatrem</strong></span> <span class='ocrx_word' id='word_1_59' title='bbox 529 1354 671 1429; x_wconf 83' lang='lat' dir='ltr'><strong>hostium</strong></span> <span class='ocrx_word' id='word_1_60' title='bbox 687 1368 856 1431; x_wconf 85' lang='lat' dir='ltr'><strong>concinnat</strong></span> <span class='ocrx_word' id='word_1_61' title='bbox 873 1365 925 1448; x_wconf 84' lang='lat' dir='ltr'><strong>(cf.</strong></span> <span class='ocrx_word' id='word_1_62' title='bbox 938 1367 1032 1434; x_wconf 88' lang='lat' dir='ltr'><strong>Vahl.</strong></span> <span class='ocrx_word' id='word_1_63' title='bbox 1052 1369 1081 1444; x_wconf 75' lang='lat'><strong>4,</strong></span> <span class='ocrx_word' id='word_1_64' title='bbox 1103 1373 1133 1450; x_wconf 86' lang='lat'><strong>1)</strong></span> 
     </span>
     <span class='ocr_line' id='line_1_13' title="bbox 38 1467 941 1554; baseline 0.007 -24"><span class='ocrx_word' id='word_1_65' title='bbox 38 1467 229 1531; x_wconf 88' lang='lat' dir='ltr'><strong>Vicissatim</strong></span> <span class='ocrx_word' id='word_1_66' title='bbox 252 1468 337 1533; x_wconf 85' lang='lat' dir='ltr'><strong>volvi</strong></span> <span class='ocrx_word' id='word_1_67' title='bbox 359 1469 527 1534; x_wconf 89' lang='lat' dir='ltr'><strong>victoriam</strong></span> <span class='ocrx_word' id='word_1_68' title='bbox 552 1467 604 1551; x_wconf 86' lang='lat' dir='ltr'><strong>(cf.</strong></span> <span class='ocrx_word' id='word_1_69' title='bbox 627 1469 724 1535; x_wconf 89' lang='lat' dir='ltr'><strong>Vahl.</strong></span> <span class='ocrx_word' id='word_1_70' title='bbox 748 1477 778 1546; x_wconf 86' lang='grc'><strong>4,</strong></span> <span class='ocrx_word' id='word_1_71' title='bbox 804 1475 837 1554; x_wconf 89' lang='grc'><strong>2)</strong></span> <span class='ocrx_word' id='word_1_72' title='bbox 938 1501 941 1506; x_wconf 96' lang='grc'><strong><em>·</em></strong></span> 
     </span>
     <span class='ocr_line' id='line_1_14' title="bbox 41 1569 641 1662; baseline 0.003 -26"><span class='ocrx_word' id='word_1_73' title='bbox 41 1609 348 1623; x_wconf 48' lang='lat'><strong>—————</strong></span> <span class='ocrx_word' id='word_1_74' title='bbox 372 1569 484 1640; x_wconf 82' lang='lat' dir='ltr'><strong>verdm</strong></span> <span class='ocrx_word' id='word_1_75' title='bbox 509 1579 641 1662; x_wconf 86' lang='lat' dir='ltr'><strong>praetor</strong></span> 
     </span>
     <span class='ocr_line' id='line_1_15' title="bbox 40 1678 1112 1767; baseline 0.007 -26"><span class='ocrx_word' id='word_1_76' title='bbox 40 1678 186 1743; x_wconf 86' lang='lat' dir='ltr'><strong>Advenit</strong></span> <span class='ocrx_word' id='word_1_77' title='bbox 209 1681 387 1764; x_wconf 88' lang='lat' dir='ltr'><strong>auspicavit</strong></span> <span class='ocrx_word' id='word_1_78' title='bbox 409 1681 586 1767; x_wconf 83' lang='lat' dir='ltr'><strong>auspicium</strong></span> <span class='ocrx_word' id='word_1_79' title='bbox 611 1702 803 1766; x_wconf 90' lang='lat' dir='ltr'><strong>prosperum</strong></span> <span class='ocrx_word' id='word_1_80' title='bbox 827 1679 879 1761; x_wconf 82' lang='lat' dir='ltr'><strong>(cf.</strong></span> <span class='ocrx_word' id='word_1_81' title='bbox 903 1681 999 1747; x_wconf 81' lang='lat' dir='ltr'><strong>vahl.</strong></span> <span class='ocrx_word' id='word_1_82' title='bbox 1024 1690 1054 1758; x_wconf 82' lang='lat'><strong>4,</strong></span> <span class='ocrx_word' id='word_1_83' title='bbox 1077 1688 1112 1765; x_wconf 81' lang='lat'><strong>3)</strong></span> 
     </span>
     <span class='ocr_line' id='line_1_16' title="bbox 39 1783 943 1870; baseline 0.006 -23"><span class='ocrx_word' id='word_1_84' title='bbox 39 1783 126 1848; x_wconf 86' lang='lat' dir='ltr'><strong>Eam</strong></span> <span class='ocrx_word' id='word_1_85' title='bbox 152 1805 280 1850; x_wconf 76' lang='lat' dir='ltr'><strong>carnem</strong></span> <span class='ocrx_word' id='word_1_86' title='bbox 305 1785 480 1850; x_wconf 88' lang='lat' dir='ltr'><strong>victoribus</strong></span> <span class='ocrx_word' id='word_1_87' title='bbox 503 1786 627 1851; x_wconf 89' lang='lat' dir='ltr'><strong>danunt</strong></span> <span class='ocrx_word' id='word_1_88' title='bbox 649 1785 703 1866; x_wconf 85' lang='lat' dir='ltr'><strong>(cf.</strong></span> <span class='ocrx_word' id='word_1_89' title='bbox 726 1783 821 1850; x_wconf 89' lang='lat' dir='ltr'><strong>Vahl.</strong></span> <span class='ocrx_word' id='word_1_90' title='bbox 845 1792 876 1862; x_wconf 87' lang='grc'><strong>4,</strong></span> <span class='ocrx_word' id='word_1_91' title='bbox 900 1792 943 1870; x_wconf 88' lang='grc'><strong>4).</strong></span> 
     </span>
    </p>
   </div>
   <div class='ocr_carea' id='block_1_5' title="bbox 42 1907 1112 2434">
    <p class='ocr_par' dir='ltr' id='par_1_5' title="bbox 471 1907 639 1996">
     <span class='ocr_line' id='line_1_17' title="bbox 471 1907 639 1996; baseline 0 -25"><span class='ocrx_word' id='word_1_92' title='bbox 471 1907 560 1996; x_wconf 79' lang='lat' dir='ltr'><strong>[Lib.</strong></span> <span class='ocrx_word' id='word_1_93' title='bbox 583 1907 639 1996; x_wconf 89' lang='lat' dir='ltr'><strong>V.]</strong></span> 
     </span>
    </p>

    <p class='ocr_par' dir='ltr' id='par_1_6' title="bbox 492 2039 800 2114">
     <span class='ocr_line' id='line_1_18' title="bbox 492 2039 800 2114; baseline -0.006 -17"><span class='ocrx_word' id='word_1_94' title='bbox 492 2039 567 2097; x_wconf 79' lang='lat' dir='ltr'><strong>mu.</strong></span> <span class='ocrx_word' id='word_1_95' title='bbox 589 2040 647 2095; x_wconf 73' lang='lat' dir='ltr'><strong>vr„</strong></span> <span class='ocrx_word' id='word_1_96' title='bbox 796 2107 800 2114; x_wconf 50' lang='grc'><strong>,</strong></span> 
     </span>
    </p>

    <p class='ocr_par' dir='ltr' id='par_1_7' title="bbox 42 2133 1112 2434">
     <span class='ocr_line' id='line_1_19' title="bbox 42 2133 1112 2220; baseline 0.002 -22"><span class='ocrx_word' id='word_1_97' title='bbox 42 2133 237 2220; x_wconf 85' lang='lat' dir='ltr'><strong>Septumum</strong></span> <span class='ocrx_word' id='word_1_98' title='bbox 261 2135 431 2200; x_wconf 86' lang='lat' dir='ltr'><strong>decumum</strong></span> <span class='ocrx_word' id='word_1_99' title='bbox 454 2159 573 2200; x_wconf 85' lang='lat' dir='ltr'><strong>annum</strong></span> <span class='ocrx_word' id='word_1_100' title='bbox 595 2135 669 2200; x_wconf 89' lang='lat' dir='ltr'><strong>ilico</strong></span> <span class='ocrx_word' id='word_1_101' title='bbox 692 2135 804 2200; x_wconf 87' lang='lat' dir='ltr'><strong>sedent</strong></span> <span class='ocrx_word' id='word_1_102' title='bbox 827 2134 880 2216; x_wconf 84' lang='lat' dir='ltr'><strong>(cf.</strong></span> <span class='ocrx_word' id='word_1_103' title='bbox 904 2135 1000 2201; x_wconf 86' lang='lat' dir='ltr'><strong>Vahl.</strong></span> <span class='ocrx_word' id='word_1_104' title='bbox 1025 2143 1054 2214; x_wconf 90' lang='grc'><strong>6,</strong></span> <span class='ocrx_word' id='word_1_105' title='bbox 1082 2141 1112 2219; x_wconf 95' lang='grc'><strong>1)</strong></span> 
     </span>
     <span class='ocr_line' id='line_1_20' title="bbox 45 2239 1104 2328; baseline 0.004 -26"><span class='ocrx_word' id='word_1_106' title='bbox 45 2239 236 2326; x_wconf 87' lang='lat' dir='ltr'><strong>Superbiter</strong></span> <span class='ocrx_word' id='word_1_107' title='bbox 258 2242 470 2328; x_wconf 87' lang='lat' dir='ltr'><strong>contemptim</strong></span> <span class='ocrx_word' id='word_1_108' title='bbox 492 2241 631 2306; x_wconf 87' lang='lat' dir='ltr'><strong>conterit</strong></span> <span class='ocrx_word' id='word_1_109' title='bbox 653 2241 795 2326; x_wconf 83' lang='lat' dir='ltr'><strong>legiones</strong></span> <span class='ocrx_word' id='word_1_110' title='bbox 819 2240 872 2324; x_wconf 81' lang='lat' dir='ltr'><strong>(cf.</strong></span> <span class='ocrx_word' id='word_1_111' title='bbox 893 2240 990 2309; x_wconf 87' lang='lat' dir='ltr'><strong>Vahl.</strong></span> <span class='ocrx_word' id='word_1_112' title='bbox 1016 2247 1046 2320; x_wconf 88' lang='lat'><strong>6,</strong></span> <span class='ocrx_word' id='word_1_113' title='bbox 1072 2246 1104 2326; x_wconf 90' lang='grc'><strong>2)</strong></span> 
     </span>
     <span class='ocr_line' id='line_1_21' title="bbox 48 2347 920 2434; baseline 0.003 -26"><span class='ocrx_word' id='word_1_114' title='bbox 48 2383 346 2394; x_wconf 49' lang='lat'><em>------</em></span> <span class='ocrx_word' id='word_1_115' title='bbox 370 2347 518 2434; x_wconf 81' lang='lat' dir='ltr'><strong>convenit</strong></span> <span class='ocrx_word' id='word_1_116' title='bbox 540 2368 676 2432; x_wconf 87' lang='lat' dir='ltr'><strong>regnum</strong></span> <span class='ocrx_word' id='word_1_117' title='bbox 708 2365 710 2374; x_wconf 77' lang='grc'>’</span> <span class='ocrx_word' id='word_1_118' title='bbox 918 2376 920 2381; x_wconf 94' lang='grc'><strong><em>·</em></strong></span> 
     </span>
    </p>
   </div>
   <div class='ocr_carea' id='block_1_6' title="bbox 43 2447 1052 2645">
    <p class='ocr_par' dir='ltr' id='par_1_8' title="bbox 43 2447 1052 2645">
     <span class='ocr_line' id='line_1_22' title="bbox 43 2447 902 2534; baseline 0.007 -22"><span class='ocrx_word' id='word_1_119' title='bbox 43 2447 147 2513; x_wconf 89' lang='lat' dir='ltr'><strong>Simul</strong></span> <span class='ocrx_word' id='word_1_120' title='bbox 170 2453 267 2533; x_wconf 89' lang='lat' dir='ltr'><strong>atque</strong></span> <span class='ocrx_word' id='word_1_121' title='bbox 290 2449 377 2515; x_wconf 91' lang='lat' dir='ltr'><strong>locos</strong></span> <span class='ocrx_word' id='word_1_122' title='bbox 400 2455 438 2515; x_wconf 93' lang='lat' dir='ltr'><strong>ut</strong></span> <span class='ocrx_word' id='word_1_123' title='bbox 459 2449 594 2516; x_wconf 89' lang='lat' dir='ltr'><strong>haberet</strong></span> <span class='ocrx_word' id='word_1_124' title='bbox 616 2451 670 2532; x_wconf 84' lang='lat' dir='ltr'><strong>(cf.</strong></span> <span class='ocrx_word' id='word_1_125' title='bbox 695 2452 789 2517; x_wconf 89' lang='lat' dir='ltr'><strong>Vahl.</strong></span> <span class='ocrx_word' id='word_1_126' title='bbox 813 2457 844 2528; x_wconf 88' lang='grc'><strong>6,</strong></span> <span class='ocrx_word' id='word_1_127' title='bbox 869 2456 902 2534; x_wconf 83' lang='grc'><strong>3)</strong></span> 
     </span>
     <span class='ocr_line' id='line_1_23' title="bbox 43 2552 1052 2645; baseline 0.003 -28"><span class='ocrx_word' id='word_1_128' title='bbox 43 2552 166 2619; x_wconf 87' lang='lat' dir='ltr'><strong>Censet</strong></span> <span class='ocrx_word' id='word_1_129' title='bbox 187 2577 226 2620; x_wconf 91' lang='lat' dir='ltr'><strong>eo</strong></span> <span class='ocrx_word' id='word_1_130' title='bbox 248 2559 420 2619; x_wconf 87' lang='lat' dir='ltr'><strong>venturum</strong></span> <span class='ocrx_word' id='word_1_131' title='bbox 444 2555 572 2621; x_wconf 89' lang='lat' dir='ltr'><strong>obviam</strong></span> <span class='ocrx_word' id='word_1_132' title='bbox 594 2555 819 2645; x_wconf 59' lang='lat' dir='ltr'><strong>Poenumlcf.</strong></span> <span class='ocrx_word' id='word_1_133' title='bbox 844 2556 939 2622; x_wconf 86' lang='lat' dir='ltr'><strong>Vahl.</strong></span> <span class='ocrx_word' id='word_1_134' title='bbox 964 2565 994 2634; x_wconf 89' lang='grc'><strong>6,</strong></span> <span class='ocrx_word' id='word_1_135' title='bbox 1019 2562 1052 2640; x_wconf 84' lang='grc'><strong>4)</strong></span> 
     </span>
    </p>
   </div>
   <div class='ocr_carea' id='block_1_7' title="bbox 8 2705 1136 4148">
    <p class='ocr_par' dir='ltr' id='par_1_9' title="bbox 414 2705 644 2762">
     <span class='ocr_line' id='line_1_24' title="bbox 414 2705 644 2762; baseline 0.004 -1"><span class='ocrx_word' id='word_1_136' title='bbox 414 2741 421 2761; x_wconf 79' lang='grc'><strong>.</strong></span> <span class='ocrx_word' id='word_1_137' title='bbox 482 2705 644 2762; x_wconf 75' lang='lat' dir='ltr'><strong>Lib=v1L</strong></span> 
     </span>
    </p>

    <p class='ocr_par' dir='ltr' id='par_1_10' title="bbox 44 2793 955 2886">
     <span class='ocr_line' id='line_1_25' title="bbox 44 2793 955 2886; baseline 0.005 -26"><span class='ocrx_word' id='word_1_138' title='bbox 44 2797 85 2860; x_wconf 93' lang='lat' dir='ltr'><strong>ld</strong></span> <span class='ocrx_word' id='word_1_139' title='bbox 109 2819 235 2882; x_wconf 89' lang='lat' dir='ltr'><strong>quoque</strong></span> <span class='ocrx_word' id='word_1_140' title='bbox 256 2801 424 2886; x_wconf 84' lang='lat' dir='ltr'><strong>paciscunt</strong></span> <span class='ocrx_word' id='word_1_141' title='bbox 446 2793 573 2866; x_wconf 84' lang='lat' dir='ltr'><strong>moenia</strong></span> <span class='ocrx_word' id='word_1_142' title='bbox 595 2803 660 2865; x_wconf 90' lang='lat' dir='ltr'><strong>sint</strong></span> <span class='ocrx_word' id='word_1_143' title='bbox 682 2802 852 2866; x_wconf 82' lang='lat' dir='ltr'><strong>Lutatium</strong></span> <span class='ocrx_word' id='word_1_144' title='bbox 872 2821 955 2886; x_wconf 83' lang='lat' dir='ltr'><strong>quae</strong></span> 
     </span>
    </p>

    <p class='ocr_par' dir='ltr' id='par_1_11' title="bbox 40 2890 738 2992">
     <span class='ocr_line' id='line_1_26' title="bbox 40 2890 738 2992; baseline 0.004 -25"><span class='ocrx_word' id='word_1_145' title='bbox 40 2890 273 2968; x_wconf 75' lang='lat' dir='ltr'><strong>Reconcilient:</strong></span> <span class='ocrx_word' id='word_1_146' title='bbox 296 2907 442 2992; x_wconf 82' lang='lat' dir='ltr'><strong>captivos</strong></span> <span class='ocrx_word' id='word_1_147' title='bbox 464 2906 621 2992; x_wconf 89' lang='lat' dir='ltr'><strong>plurimos</strong></span> <span class='ocrx_word' id='word_1_148' title='bbox 643 2907 738 2970; x_wconf 89' lang='lat' dir='ltr'><strong>idem-</strong></span> 
     </span>
    </p>

    <p class='ocr_par' dir='ltr' id='par_1_12' title="bbox 41 3008 1058 3095">
     <span class='ocr_line' id='line_1_27' title="bbox 41 3008 1058 3095; baseline 0.001 -22"><span class='ocrx_word' id='word_1_149' title='bbox 41 3008 223 3074; x_wconf 86' lang='lat' dir='ltr'><strong>Sicilisases</strong></span> <span class='ocrx_word' id='word_1_150' title='bbox 246 3011 387 3095; x_wconf 86' lang='lat' dir='ltr'><strong>paciscit.</strong></span> <span class='ocrx_word' id='word_1_151' title='bbox 404 3010 532 3075; x_wconf 88' lang='lat' dir='ltr'><strong>obsides</strong></span> <span class='ocrx_word' id='word_1_152' title='bbox 554 3015 593 3076; x_wconf 91' lang='lat' dir='ltr'><strong>ut</strong></span> <span class='ocrx_word' id='word_1_153' title='bbox 612 3012 751 3076; x_wconf 86' lang='lat' dir='ltr'><strong>reddant</strong></span> <span class='ocrx_word' id='word_1_154' title='bbox 774 3011 827 3092; x_wconf 74' lang='lat' dir='ltr'><strong>(et</strong></span> <span class='ocrx_word' id='word_1_155' title='bbox 851 3010 947 3075; x_wconf 88' lang='lat' dir='ltr'><strong>Vahl.</strong></span> <span class='ocrx_word' id='word_1_156' title='bbox 971 3014 1058 3092; x_wconf 81' lang='lat'>7‚.2)</span> 
     </span>
    </p>

    <p class='ocr_par' dir='ltr' id='par_1_13' title="bbox 84 3113 1133 3203">
     <span class='ocr_line' id='line_1_28' title="bbox 84 3113 1133 3203; baseline -0.001 -25"><span class='ocrx_word' id='word_1_157' title='bbox 84 3113 178 3178; x_wconf 81' lang='lat' dir='ltr'><strong>Haec</strong></span> <span class='ocrx_word' id='word_1_158' title='bbox 197 3113 381 3200; x_wconf 77' lang='lat' dir='ltr'><strong>fragmenta</strong></span> <span class='ocrx_word' id='word_1_159' title='bbox 403 3116 436 3179; x_wconf 92' lang='lat' dir='ltr'><strong>si.</strong></span> <span class='ocrx_word' id='word_1_160' title='bbox 453 3116 639 3200; x_wconf 84' lang='lat' dir='ltr'><strong>inspicimus</strong></span> <span class='ocrx_word' id='word_1_161' title='bbox 662 3118 768 3203; x_wconf 90' lang='lat' dir='ltr'><strong>primo</strong></span> <span class='ocrx_word' id='word_1_162' title='bbox 791 3114 910 3180; x_wconf 89' lang='lat' dir='ltr'><strong>obtutu</strong></span> <span class='ocrx_word' id='word_1_163' title='bbox 933 3118 1070 3202; x_wconf 85' lang='lat' dir='ltr'><strong>apparet</strong></span> <span class='ocrx_word' id='word_1_164' title='bbox 1084 3114 1133 3180; x_wconf 89' lang='lat' dir='ltr'><strong>M.</strong></span> 
     </span>
    </p>

    <p class='ocr_par' dir='ltr' id='par_1_14' title="bbox 8 3215 1136 4148">
     <span class='ocr_line' id='line_1_29' title="bbox 8 3215 1135 3305; baseline 0.004 -25"><span class='ocrx_word' id='word_1_165' title='bbox 8 3215 119 3283; x_wconf 83' lang='lat' dir='ltr'><strong>Valerii</strong></span> <span class='ocrx_word' id='word_1_166' title='bbox 141 3218 248 3283; x_wconf 89' lang='lat' dir='ltr'><strong>locum</strong></span> <span class='ocrx_word' id='word_1_167' title='bbox 271 3242 336 3284; x_wconf 92' lang='lat' dir='ltr'><strong>non</strong></span> <span class='ocrx_word' id='word_1_168' title='bbox 358 3241 428 3286; x_wconf 89' lang='lat' dir='ltr'><strong>esse</strong></span> <span class='ocrx_word' id='word_1_169' title='bbox 450 3222 483 3284; x_wconf 90' lang='lat' dir='ltr'><strong>in</strong></span> <span class='ocrx_word' id='word_1_170' title='bbox 505 3220 587 3286; x_wconf 91' lang='lat' dir='ltr'><strong>libro</strong></span> <span class='ocrx_word' id='word_1_171' title='bbox 611 3223 645 3287; x_wconf 88' lang='lat' dir='ltr'><strong>in</strong></span> <span class='ocrx_word' id='word_1_172' title='bbox 668 3244 731 3305; x_wconf 92' lang='lat' dir='ltr'><strong>quo</strong></span> <span class='ocrx_word' id='word_1_173' title='bbox 757 3221 797 3298; x_wconf 86' lang='lat' dir='ltr'><strong>de</strong></span> <span class='ocrx_word' id='word_1_174' title='bbox 819 3218 1010 3284; x_wconf 82' lang='lat' dir='ltr'><strong>Anchisaet</strong></span> <span class='ocrx_word' id='word_1_175' title='bbox 1025 3220 1135 3284; x_wconf 82' lang='lat' dir='ltr'><strong>Aenea</strong></span> 
     </span>
     <span class='ocr_line' id='line_1_30' title="bbox 9 3324 1134 3412; baseline 0.004 -28"><span class='ocrx_word' id='word_1_176' title='bbox 9 3343 102 3387; x_wconf 72' lang='lat' dir='ltr'><strong>sermo</strong></span> <span class='ocrx_word' id='word_1_177' title='bbox 126 3329 348 3409; x_wconf 75' lang='lat' dir='ltr'><strong>est,.namque</strong></span> <span class='ocrx_word' id='word_1_178' title='bbox 369 3325 529 3392; x_wconf 87' lang='lat' dir='ltr'><strong>Naevium</strong></span> <span class='ocrx_word' id='word_1_179' title='bbox 552 3327 657 3412; x_wconf 90' lang='lat' dir='ltr'><strong>primo</strong></span> <span class='ocrx_word' id='word_1_180' title='bbox 670 3327 764 3392; x_wconf 88' lang='lat' dir='ltr'><strong>libro</strong></span> <span class='ocrx_word' id='word_1_181' title='bbox 787 3347 851 3390; x_wconf 90' lang='lat' dir='ltr'><strong>non</strong></span> <span class='ocrx_word' id='word_1_182' title='bbox 873 3325 939 3388; x_wconf 87' lang='lat' dir='ltr'><strong>iam</strong></span> <span class='ocrx_word' id='word_1_183' title='bbox 961 3324 1134 3409; x_wconf 87' lang='lat' dir='ltr'><strong>adipsum</strong></span> 
     </span>
     <span class='ocr_line' id='line_1_31' title="bbox 9 3421 1135 3517; baseline 0.002 -27"><span class='ocrx_word' id='word_1_184' title='bbox 9 3427 116 3492; x_wconf 79' lang='lat' dir='ltr'><strong>sellum</strong></span> <span class='ocrx_word' id='word_1_185' title='bbox 139 3430 321 3516; x_wconf 80' lang='lat' dir='ltr'><strong>pervenisse</strong></span> <span class='ocrx_word' id='word_1_186' title='bbox 343 3433 425 3496; x_wconf 81' lang='lat' dir='ltr'><strong>inde</strong></span> <span class='ocrx_word' id='word_1_187' title='bbox 445 3431 611 3517; x_wconf 87' lang='lat' dir='ltr'><strong>colligitur</strong></span> <span class='ocrx_word' id='word_1_188' title='bbox 638 3432 726 3515; x_wconf 88' lang='lat' dir='ltr'><strong>quod</strong></span> <span class='ocrx_word' id='word_1_189' title='bbox 749 3431 845 3496; x_wconf 86' lang='lat' dir='ltr'><strong>etiam</strong></span> <span class='ocrx_word' id='word_1_190' title='bbox 865 3421 902 3493; x_wconf 69' lang='lat' dir='ltr'><strong>&#39;in</strong></span> <span class='ocrx_word' id='word_1_191' title='bbox 926 3428 1029 3494; x_wconf 85' lang='lat' dir='ltr'><strong>altero</strong></span> <span class='ocrx_word' id='word_1_192' title='bbox 1052 3428 1135 3493; x_wconf 90' lang='lat' dir='ltr'><strong>libro</strong></span> 
     </span>
     <span class='ocr_line' id='line_1_32' title="bbox 9 3533 1136 3622; baseline 0 -26"><span class='ocrx_word' id='word_1_193' title='bbox 9 3533 124 3598; x_wconf 77' lang='lat' dir='ltr'><strong>deneas</strong></span> <span class='ocrx_word' id='word_1_194' title='bbox 154 3539 299 3620; x_wconf 84' lang='lat' dir='ltr'><strong>apparet.</strong></span> <span class='ocrx_word' id='word_1_195' title='bbox 346 3535 458 3600; x_wconf 87' lang='lat' dir='ltr'><strong>Primo</strong></span> <span class='ocrx_word' id='word_1_196' title='bbox 487 3537 589 3622; x_wconf 84' lang='lat' dir='ltr'><strong>igitur</strong></span> <span class='ocrx_word' id='word_1_197' title='bbox 618 3533 701 3600; x_wconf 86' lang='lat' dir='ltr'><strong>libro</strong></span> <span class='ocrx_word' id='word_1_198' title='bbox 731 3535 860 3600; x_wconf 85' lang='lat' dir='ltr'><strong>Aeueas</strong></span> <span class='ocrx_word' id='word_1_199' title='bbox 890 3557 964 3598; x_wconf 89' lang='lat' dir='ltr'><strong>cum</strong></span> <span class='ocrx_word' id='word_1_200' title='bbox 994 3533 1136 3598; x_wconf 71' lang='lat' dir='ltr'><strong>Anchisa</strong></span> 
     </span>
     <span class='ocr_line' id='line_1_33' title="bbox 9 3629 1136 3727; baseline 0.004 -28"><span class='ocrx_word' id='word_1_201' title='bbox 9 3637 98 3702; x_wconf 78' lang='lat' dir='ltr'><strong>Prsia</strong></span> <span class='ocrx_word' id='word_1_202' title='bbox 118 3629 216 3724; x_wconf 83' lang='lat' dir='ltr'><strong>fugit,</strong></span> <span class='ocrx_word' id='word_1_203' title='bbox 239 3640 490 3726; x_wconf 87' lang='lat' dir='ltr'><strong>tempestatibus</strong></span> <span class='ocrx_word' id='word_1_204' title='bbox 505 3639 641 3715; x_wconf 83' lang='lat' dir='ltr'><strong>laborat,</strong></span> <span class='ocrx_word' id='word_1_205' title='bbox 665 3639 851 3727; x_wconf 84' lang='lat' dir='ltr'><strong>Prochytae</strong></span> <span class='ocrx_word' id='word_1_206' title='bbox 873 3639 997 3703; x_wconf 86' lang='lat' dir='ltr'><strong>insulas</strong></span> <span class='ocrx_word' id='word_1_207' title='bbox 1019 3659 1136 3704; x_wconf 87' lang='lat' dir='ltr'><strong>nomen</strong></span> 
     </span>
     <span class='ocr_line' id='line_1_34' title="bbox 10 3741 1134 3829; baseline 0.004 -25"><span class='ocrx_word' id='word_1_208' title='bbox 10 3741 73 3818; x_wconf 85' lang='lat' dir='ltr'><strong>lat,</strong></span> <span class='ocrx_word' id='word_1_209' title='bbox 104 3745 191 3810; x_wconf 84' lang='lat' dir='ltr'><strong>venit</strong></span> <span class='ocrx_word' id='word_1_210' title='bbox 213 3744 256 3808; x_wconf 89' lang='lat' dir='ltr'><strong>ad</strong></span> <span class='ocrx_word' id='word_1_211' title='bbox 278 3745 436 3810; x_wconf 84' lang='lat' dir='ltr'><strong>silvicolas</strong></span> <span class='ocrx_word' id='word_1_212' title='bbox 466 3745 611 3812; x_wconf 86' lang='lat' dir='ltr'><strong>homines</strong></span> <span class='ocrx_word' id='word_1_213' title='bbox 642 3743 780 3829; x_wconf 84' lang='lat' dir='ltr'><strong>bellique</strong></span> <span class='ocrx_word' id='word_1_214' title='bbox 809 3746 939 3808; x_wconf 85' lang='lat' dir='ltr'><strong>inertes.</strong></span> <span class='ocrx_word' id='word_1_215' title='bbox 986 3741 1134 3808; x_wconf 86' lang='lat' dir='ltr'><strong>Secundo</strong></span> 
     </span>
     <span class='ocr_line' id='line_1_35' title="bbox 10 3843 1134 3940; baseline 0.005 -32"><span class='ocrx_word' id='word_1_216' title='bbox 10 3847 80 3912; x_wconf 64' lang='lat' dir='ltr'><strong>libro</strong></span> <span class='ocrx_word' id='word_1_217' title='bbox 102 3849 218 3933; x_wconf 85' lang='lat' dir='ltr'><strong>aliquis</strong></span> <span class='ocrx_word' id='word_1_218' title='bbox 240 3848 357 3916; x_wconf 82' lang='lat' dir='ltr'><strong>blande</strong></span> <span class='ocrx_word' id='word_1_219' title='bbox 378 3854 411 3916; x_wconf 87' lang='lat' dir='ltr'><strong>et</strong></span> <span class='ocrx_word' id='word_1_220' title='bbox 423 3843 530 3916; x_wconf 72' lang='lat' dir='ltr'><strong>dicte</strong></span> <span class='ocrx_word' id='word_1_221' title='bbox 545 3853 756 3940; x_wconf 84' lang='lat' dir='ltr'><strong>percontatur</strong></span> <span class='ocrx_word' id='word_1_222' title='bbox 771 3849 923 3926; x_wconf 82' lang='lat' dir='ltr'><strong>Aeneam,</strong></span> <span class='ocrx_word' id='word_1_223' title='bbox 948 3871 1045 3932; x_wconf 89' lang='lat' dir='ltr'><strong>quam</strong></span> <span class='ocrx_word' id='word_1_224' title='bbox 1065 3871 1134 3914; x_wconf 89' lang='lat' dir='ltr'><strong>rem</strong></span> 
     </span>
     <span class='ocr_line' id='line_1_36' title="bbox 10 3953 1133 4039; baseline 0.002 -23"><span class='ocrx_word' id='word_1_225' title='bbox 10 3974 97 4036; x_wconf 65' lang='lat' dir='ltr'><strong>ruam</strong></span> <span class='ocrx_word' id='word_1_226' title='bbox 120 3955 259 4020; x_wconf 84' lang='lat' dir='ltr'><strong>sciamus</strong></span> <span class='ocrx_word' id='word_1_227' title='bbox 275 3953 433 4022; x_wconf 87' lang='lat' dir='ltr'><strong>Naevium</strong></span> <span class='ocrx_word' id='word_1_228' title='bbox 449 3955 588 4020; x_wconf 86' lang='lat' dir='ltr'><strong>Didonis</strong></span> <span class='ocrx_word' id='word_1_229' title='bbox 605 3955 801 4038; x_wconf 81' lang='lat' dir='ltr'><strong>mentionem</strong></span> <span class='ocrx_word' id='word_1_230' title='bbox 816 3953 927 4020; x_wconf 86' lang='lat' dir='ltr'><strong>fecisse</strong></span> <span class='ocrx_word' id='word_1_231' title='bbox 943 3977 1007 4018; x_wconf 89' lang='lat' dir='ltr'><strong>nou</strong></span> <span class='ocrx_word' id='word_1_232' title='bbox 1023 3977 1133 4039; x_wconf 89' lang='lat' dir='ltr'><strong>possu-</strong></span> 
     </span>
     <span class='ocr_line' id='line_1_37' title="bbox 10 4057 1132 4148; baseline 0.004 -28"><span class='ocrx_word' id='word_1_233' title='bbox 10 4079 71 4122; x_wconf 86' lang='lat' dir='ltr'><strong>mus</strong></span> <span class='ocrx_word' id='word_1_234' title='bbox 93 4060 170 4144; x_wconf 92' lang='lat' dir='ltr'><strong>quin</strong></span> <span class='ocrx_word' id='word_1_235' title='bbox 194 4061 237 4124; x_wconf 84' lang='lat' dir='ltr'><strong>ad</strong></span> <span class='ocrx_word' id='word_1_236' title='bbox 259 4060 423 4126; x_wconf 87' lang='lat' dir='ltr'><strong>Didonem</strong></span> <span class='ocrx_word' id='word_1_237' title='bbox 442 4059 635 4142; x_wconf 69' lang='lat' dir='ltr'><strong>,refepamua</strong></span> <span class='ocrx_word' id='word_1_238' title='bbox 659 4057 860 4148; x_wconf 79' lang='lat' dir='ltr'><strong>Cartbagine</strong></span> <span class='ocrx_word' id='word_1_239' title='bbox 882 4060 983 4146; x_wconf 86' lang='lat' dir='ltr'><strong>igitur</strong></span> <span class='ocrx_word' id='word_1_240' title='bbox 1004 4059 1132 4130; x_wconf 73' lang='lat' dir='ltr'><strong>Aeneas</strong></span> 
     </span>
    </p>
   </div>
   <div class='ocr_carea' id='block_1_8' title="bbox 0 0 1375 4610">
    <p class='ocr_par' dir='ltr' id='par_1_15' title="bbox 0 0 1375 4610">
     <span class='ocr_line' id='line_1_38' title="bbox 0 0 1375 4610; baseline 0 0"><span class='ocrx_word' id='word_1_241' title='bbox 0 0 1375 4610; x_wconf 95' lang='lat' dir='ltr'><strong> </strong></span> 
     </span>
    </p>
   </div>
  </div>
 </body>
</html>
