2734 4610
459 183 664 276 A...

75 367 196 449 Quum
223 373 332 434 tamen
361 354 456 454 saepe
486 368 611 434 aecidat
639 373 678 433 ut
706 368 816 434 eadem
844 367 955 434 tabula
984 393 1003 434 a
1032 371 1130 435 variis
1179 363 1184 370 ’

18 474 215 540 ammaticis
244 474 342 537 variis
372 473 575 538 adscribatur
605 474 725 560 poetis,
753 497 819 561 uon
850 497 1015 540 censemus
1043 475 1130 541 hisce

18 581 151 666 rodigiis
167 579 349 665 inplendum
366 600 435 643 esse
449 577 650 644 literaturam
675 580 872 656 Romanam3
896 580 953 644 sed
968 581 1028 644 nisi
1052 581 1130 664 quid

18 685 75 750 iud
100 684 216 750 obstat
239 706 365 770 semper
390 684 436 747 illi
456 688 573 770 poetae
594 684 735 749 fabulam
758 685 937 749 tribuemus
960 686 1010 749 cui
1034 685 1130 749 datur
1169 687 1173 695 “

35 789 190 876 plurimis
217 789 413 874 optimisque
434 788 583 854 testibus.
628 791 778 876 ipsarum
809 794 917 855 autem
946 789 1130 855 fabularum

18 896 124 962 nmina
156 916 319 979 nunquam
351 917 539 980 possumus,
571 897 610 958 ut
639 894 716 959 fecit
744 879 1000 970 Klussmannus,
1033 897 1129 960 etiam

18 1023 55 1064 sn
86 999 252 1065 intellecta
278 998 474 1082 relinquere,
507 999 562 1064 sed
586 998 719 1085 semper
734 1008 889 1086 corrupta
911 997 1040 1065 nomina
1063 1005 1130 1079 aut,

18 1137 21 1168 .
52 1105 87 1168 id
112 1103 184 1168 libri
205 1101 400 1181 admittunt,
429 1105 476 1168 ita
505 1103 702 1168 mutabimus
732 1108 772 1169 ut
798 1109 910 1170 notum
935 1106 1064 1190 aliquod
1086 1107 1131 1171 ia-

18 1209 92 1273 uiae
115 1231 228 1273 nomen
251 1207 426 1284 efficiatur,
449 1213 506 1273 aut
529 1209 641 1273 saltem
664 1210 710 1274 ita
733 1201 930 1295 corrigemus
951 1214 990 1274 ut
1013 1211 1131 1276 intelle-

18 1319 94 1378 atur
116 1315 194 1398 quid
216 1313 276 1378 sibi
297 1313 376 1380 velit
397 1312 524 1378 fabulae
545 1336 676 1391 nomen,
708 1315 741 1378 in
768 1336 830 1397 qua
863 1336 898 1378 re
919 1314 982 1380 hoc
1005 1337 1132 1401 semper

18 1419 176 1486 tuebimue
199 1422 237 1484 ut
258 1423 290 1484 et
305 1419 390 1483 ratio
413 1441 589 1502 causaeque
610 1423 775 1506 appareat,
799 1442 856 1483 cur
870 1441 987 1484 nomen
1003 1441 1133 1506 corrup-

18 1549 62 1588 ιη]
96 1545 284 1590 censeamus
314 1527 347 1589 et
366 1524 575 1590 medelanon
598 1526 692 1591 nimis
714 1525 854 1590 violenta
882 1547 952 1590 esse
973 1526 1131 1590 rideatur.

18 1631 106 1708 tuum
133 1628 232 1692 semel
254 1629 294 1693 de
316 1630 479 1717 corruptis
500 1631 682 1695 nominibus
704 1630 835 1715 loquar,
866 1635 942 1695 utar
963 1631 1023 1696 hac
1045 1653 1132 1696 occa-

18 1737 82 1800 {one
106 1733 218 1798 oblata
240 1737 279 1798 ut
300 1734 452 1799 iudicium
477 1757 583 1800 meum
614 1759 760 1823 promam
789 1736 829 1800 de
858 1735 954 1802 Nonii
985 1737 1133 1816 Marcelli
1175 1772 1176 1775 κ
1248 1786 1252 1795 .

18 1841 194 1904 actoritate
205 1841 295 1904 cuius
312 1839 440 1916 librum,
465 1861 562 1924 quum
580 1841 667 1904 solus
683 1863 778 1927 saepe
799 1840 982 1905 fabularum
1004 1843 1133 1908 nomina

18 1944 93 2008 obis
119 1944 314 2038 servaverit,
346 1943 518 2010 dolendum
546 1948 596 2009 est
627 1949 680 2011 tot
712 1947 799 2009 vitiis
829 1967 898 2010 esse
912 1935 1131 2030 inquinatum.

18 2049 118 2115 irrare
148 2049 279 2134 quidem
313 2049 487 2117 humanum
518 2053 568 2114 est
598 2053 631 2114 et
652 2051 856 2137 grammatici
879 2073 988 2116 omnes
1011 2051 1078 2116 fere
1099 2053 1133 2116 in

19 2177 56 2218 ac
77 2177 113 2220 re
136 2159 229 2220 erant
250 2153 480 2231 humanissimi,
504 2155 560 2219 sed
583 2155 609 2219 si
625 2177 736 2220 omnes
752 2157 1037 2242 grammaticorum
1060 2155 1133 2220 libri

18 2261 84 2324 itiis
112 2261 276 2336 laborant,
307 2264 416 2324 tamen
445 2259 542 2325 Nonii
565 2261 714 2326 Marcelli
735 2262 964 2348 compendiosa
987 2262 1134 2327 doctrina

18 2365 162 2430 rrorihus
185 2369 307 2441 scatet;
339 2368 433 2448 quem
459 2365 485 2428 si
508 2367 684 2452 nuperrimi
713 2367 853 2430 editores
883 2366 1054 2432 defendere
1082 2389 1134 2432 vo·
1160 2397 1162 2403 ’

18 2475 129 2536 rerunt
153 2474 267 2535 contra
284 2469 431 2534 omnium
462 2469 530 2534 fere
560 2471 703 2535 convicia
732 2469 847 2555 quibus
866 2463 933 2536 ¹res
962 2477 1033 2536 erat
1061 2494 1134 2537 cum

18 2573 116 2652 ionic,
143 2577 246 2660 magis
268 2575 303 2638 id
317 2575 431 2640 fecisse
452 2565 665 2643 videntur‘ex
688 2575 796 2640 studio
819 2575 990 2659 unicuique
1012 2575 1134 2640 homini

18 2682 98 2744 rsito
130 2685 170 2742 ut
200 2701 289 2744 suum
311 2680 429 2745 librum
453 2703 549 2764 quam
572 2681 713 2745 maxime
740 2680 943 2749 commendet
967 2703 1062 2764 quarn
1093 2703 1134 2744 ex

18 2808 68 2850 ›sa
86 2785 301 2849 veritatique.
331 2785 502 2870 Equidem,
527 2785 558 2852 di
576 2807 626 2850 me
649 2789 787 2863 servent,
811 2807 1012 2870 nequaquam
1028 2784 1134 2852 Nonio

18 2913 107 2955 mnes
130 2889 203 2954 illos
227 2912 352 2956 errores
376 2891 551 2956 obtrudere
572 2889 665 2967 volo,
698 2892 752 2974 qui
775 2893 915 2956 nuncin
939 2891 1022 2955 illius
1044 2892 1134 2957 libris

18 2998 188 3080 aguntum)
220 2996 277 3060 sed
299 2996 433 3075 scribae,
459 3019 596 3080 quorum
621 3018 716 3061 curae
738 2995 772 3058 hi
796 2995 869 3059 libri
892 2997 1007 3060 crediti
1031 2999 1133 3072 erant,

18 3106 90 3166 anta
113 3102 238 3166 incuria
261 3103 459 3188 scripserunt
480 3104 519 3165 ut
540 3102 594 3165 vix
618 3101 756 3166 alterum
779 3098 896 3164 librum
917 3100 1059 3164 invenias
1082 3103 1136 3186 qui

18 3211 48 3271 nt
73 3207 202 3270 mendis
224 3206 364 3271 refertus
389 3209 444 3284 sit;
469 3207 604 3270 dixerim
628 3205 696 3270 fere
719 3205 828 3270 studio
845 3203 985 3290 quodam
1008 3207 1154 3272 nomina¹

18 3312 131 3376 unfusa
159 3331 229 3374 esse
262 3315 358 3397 atque
389 3315 590 3398 surruptast)
634 3313 750 3396 ltaque
779 3311 807 3374 si
834 3308 959 3386 Nonius
993 3311 1135 3376 fabulam

18 3415 138 3502 liquam
163 3415 287 3494 adfert,
318 3417 359 3482 ab
382 3418 452 3482 aliis
474 3417 692 3502 grammaticis
714 3416 767 3480 alii
790 3418 905 3502 poetae
929 3418 1135 3504 adscriptam,

69 3631 90 3690 ¹)
111 3627 274 3692 Quamquam
298 3628 352 3692 ipse
376 3628 499 3692 plurimos
523 3642 622 3677 errores
646 3628 754 3677 admisit.
780 3654 811 3662 -
842 3627 863 3688 ²)
882 3627 956 3687 Quod
982 3643 1135 3690 quamquam

18 3733 86 3766 mites
112 3717 311 3779 intellegebant,
339 3725 424 3764 tamen
447 3730 629 3778 nonnunquam
654 3717 681 3766 in
710 3716 894 3764 constituendis
913 3713 1057 3764 tabularum
1076 3731 1137 3780 poe·
1189 3769 1191 3776 ,

18 3819 132 3868 ‚rumque
152 3804 297 3852 nominibus
316 3804 482 3852 haesitabant.
514 3801 550 3854 Ut
569 3803 635 3852 enirn
655 3804 739 3853 dicam
758 3804 790 3852 de
809 3803 864 3852 siro
884 3803 1022 3851 acutissimi
1041 3804 1136 3865 iudicii,

20 3891 156 3942 ibbeckius
174 3891 249 3940 unius
268 3891 318 3940 loci
338 3891 448 3940 Noniani
467 3891 631 3952 auctoritate,
655 3891 753 3942 Naevio
772 3889 859 3939 tribuit
876 3889 1045 3954 Iphigeniam,
1063 3891 1137 3942 Livio

18 3995 99 4044 quum
119 3979 260 4028 Troianum
281 3985 306 4028 et
330 3979 451 4040 Danaen,
480 3991 528 4028 nec
551 3985 636 4028 tamen
663 3979 726 4029 duaa
745 3975 906 4028 Tabellarias
931 3978 1032 4038 statuit,
1061 3993 1137 4044 quam

18 4068 140 4118 *inmedes
159 4065 267 4127 Naevio,
286 4066 384 4116 Nonius
403 4065 487 4118 Novio
505 4065 599 4114 tribuit.

114 4165 117 4172 ·
898 4141 914 4182 4
