2712 4630
544 199 588 261 δῦ

19 389 107 453 ierit.
153 385 392 473 Argumentum
416 387 500 452 enim
531 386 594 454 hoc
622 385 691 453 fere
718 384 818 452 tuisse
846 384 994 452 videture
1031 387 1133 454 Pater

19 495 130 560 uidam
153 491 300 580 postulat
320 494 360 556 ut
383 489 614 579 Gymnasticus
635 490 778 558 vetulam
803 511 939 558 uxorem
966 491 1082 571 ducat,
1103 493 1136 558 in

19 623 74 666 ero
96 619 198 684 quum
219 597 375 684 virginem
397 601 493 678 amet,
517 598 644 682 quaerit
666 619 706 662 ex
728 601 822 686 patre
843 596 894 663 vel
915 617 956 663 ex
970 597 1033 664 elio
1055 619 1131 684 quo

18 728 96 770 uam
120 707 232 770 utrum
253 703 366 770 melius
388 704 439 781 sit,
462 703 619 789 virginem
642 695 684 768 an
697 703 840 770 vetulam
862 725 996 798 uxorem
1015 703 1138 790 ducere.
1220 705 1224 710 ’

18 811 57 893 ll)
82 808 204 876 deinde-
221 808 392 875 confitetur
413 831 484 874 sese
505 809 629 896 impetu
650 808 692 873 ad
714 831 857 876 amorem
878 809 956 876 ferri
969 813 1133 897 negatque

18 937 116 982 lavem
139 937 231 980 suum
254 915 380 980 ancoris
410 933 505 1001 posse
534 915 604 980 sisti
627 913 671 1001 (Ι)
699 915 851 1000 vqueritur
872 915 936 981 vim
960 913 1130 1003 Cupidinis

17 1023 84 1105 lll)
106 1021 158 1106 qui
179 1020 279 1086 vincit
301 1017 446 1085 homined
468 1018 641 1105 beluasque
662 1020 740 1105 (lv)
761 1021 794 1086 et
820 1020 893 1106 ipsa
915 1041 993 1084 saxa
1014 1020 1131 1088 scindit

21 1129 66 1210 V).
111 1125 232 1192 Postea
252 1126 347 1213 pater
369 1146 442 1190 cum
464 1123 531 1190 filio
553 1126 733 1192 consentire
754 1109 892 1212 eumque
914 1123 1065 1193 heredem
1086 1125 1131 1192 fa·

17 1253 71 1296 ere
92 1231 222 1298 videtur
244 1231 288 1313 (V
289 1231 329 1317 l),
355 1252 450 1316 quem
471 1230 592 1296 laetum
613 1231 762 1296 nuntium
784 1253 804 1296 a
825 1225 969 1317 parasito
979 1232 1131 1300 Amaside

16 1335 78 1402 ferri
99 1336 201 1416 iubet,
224 1337 281 1402 sed
303 1338 465 1424 parasitus
486 1336 581 1401 nimis
602 1336 695 1402 tunde
718 1336 860 1425 cupienti
881 1337 1027 1402 incedere
1047 1337 1132 1403 vide-

16 1461 56 1506 ur
77 1443 173 1526 (Vll)
195 1463 253 1508 nec
275 1442 366 1528 sequi
386 1463 508 1508 morem
530 1443 747 1529 parasitorum
768 1443 826 1528 qui
847 1443 1040 1529 praecipites
1062 1464 1131 1508 cur·

17 1553 75 1614 unt
98 1551 138 1612 ut
160 1567 270 1613 cenam
291 1534 475 1614 mereantur
496 1546 619 1637 (VIII).
656 1547 756 1614 Certe
776 1546 918 1614 Naevius
939 1547 1021 1614 hanc
1042 1545 1132 1630 fnbn-
1273 1615 1279 1628 ἢ

15 1675 62 1720 um
88 1676 106 1719 e
129 1651 253 1720 Graeca
274 1652 381 1738 aliqua
400 1652 614 1740 Gymnastico
642 1653 744 1722 vertit
770 1652 861 1721 euius
888 1654 1026 1742 vestigia
1046 1673 1131 1721 nune

15 1759 92 1826 lene
114 1757 237 1826 abolita
256 1761 343 1825 sunt.

310 1990 449 2076 XXX.
511 1985 809 2076 HARIOLUS.

69 2147 101 2198 es.
122 2147 249 2198 Ribbeck.
269 2161 333 2198 eom.
352 2149 396 2200 rer.
415 2165 440 2214 p.
462 2151 484 2199 ⁷.
661 2137 664 2140 ’

83 2286 184 2352 Teste
209 2283 313 2352 Gellio
323 2290 347 2370 1)
369 2285 511 2354 Naevius
531 2288 565 2352 in
587 2307 717 2353 carcere
738 2287 820 2352 duas
841 2285 972 2372 scripsit
993 2281 1129 2363 fabulas,
1196 2357 1200 2363 ,

13 2387 170 2456 'danielum
189 2393 223 2456 et
237 2391 408 2470 Leontem,
432 2391 548 2478 quibus
571 2392 691 2458 delicta
711 2414 772 2457 sua
792 2392 826 2456 et
848 2391 1045 2478 petulantias
1068 2390 1131 2456 dic·

13 2515 120 2572 orum,
149 2495 264 2584 quibus
291 2497 411 2562 multos
430 2500 505 2564 ante
527 2493 675 2574 laeserat,
705 2496 810 2563 diluit,
857 2494 968 2576 Quum
989 2495 1130 2562 Naevius

13 2599 113 2664 eodem
135 2599 199 2668 fere
221 2605 369 2689 tempore
392 2602 472 2668 duas
493 2603 562 2667 illas
584 2594 710 2668 fabulas
730 2601 904 2687 scripserit,
927 2621 987 2664 nos
1001 2620 1130 2684 quoque

13 2703 38 2769 le
68 2705 207 2791 utraque
235 2707 297 2773 hoc
325 2707 397 2778 loeo
426 2708 531 2774 dicere
560 2708 770 2774 instituimus.
815 2703 943 2770 Scimus
971 2701 1129 2770 Naevium

13 2813 167 2894 pstremo
196 2811 282 2876 vitae
310 2814 458 2900 tempore
483 2813 631 2880 incidisse
660 2813 694 2878 in
718 2814 904 2900 praetextas
931 2809 1057 2877 fabulas
1078 2831 1130 2876 ex·

13 2917 229 3003 ¹›osuimusque
250 2918 419 2985 verisimile
442 2941 522 2998 esse,
553 2939 626 2986 eum
647 2920 681 2983 in
703 2918 752 2984 his
774 2916 947 3006 praecipue
969 2916 1129 3003 principes

13 3019 137 3087 civitatis
168 3021 315 3102 laesisse,
349 3047 430 3110 quae
462 3025 606 3092 convicia
634 3046 699 3090 non
730 3024 839 3111 potuit
872 3021 984 3087 melius
1017 3020 1130 3088 tollere

13 3143 93 3207 quam
117 3128 149 3193 si
166 3129 411 3216 regrediebatur
440 3130 481 3195 ad
510 3131 591 3197 illud
618 3151 719 3216 genus
739 3127 920 3194 fabularum
946 3148 1011 3211 quo
1033 3130 1132 3194 anua

13 3232 118 3318 populo
150 3232 316 3321 placuerat
349 3236 532 3302 comoedias
561 3236 633 3302 dico
666 3257 685 3300 c
712 3231 841 3301 Graeca
869 3232 981 3320 lingua
1009 3255 1128 3299 versas.
1186 3266 1193 3282 ·

13 3333 170 3424 lunqnam
193 3341 278 3406 enim
301 3340 576 3426 credo-Naevium
598 3340 758 3429 expressis
778 3337 884 3405 verbis
906 3339 1049 3405 conuicia
1070 3361 1130 3404 sua

13 3444 173 3522 instulisse,
193 3445 299 3544 'multo
323 3448 429 3512 minus
452 3469 529 3512 vero
551 3469 624 3511 eum
648 3445 815 3511 adulatum
838 3465 907 3510 esse
929 3445 1129 3532 principibus

13 3549 35 3609 rt
54 3552 207 3616 statuunt
227 3551 468 3618 Klussmannus
489 3555 523 3618 et
545 3551 636 3634 aliil).
680 3550 920 3618 Klussmannus
948 3551 1032 3616 enim
1059 3569 1128 3615 cen-

13 3655 47 3717 et
65 3655 240 3723 Hariolum
262 3658 459 3743 praedixisse
479 3657 616 3744 gloriam
638 3653 807 3723 Corneliae
828 3655 944 3744 gentis,
967 3655 1127 3721 Leontem

13 3761 105 3824 tutem
126 3759 253 3827 Metelli
282 3765 388 3828 castra
419 3763 505 3850 apud
534 3764 693 3843 Leontem
722 3760 912 3851 oppidulum
941 3759 1126 3827 celebrasse.

13 3917 234 3934 ‘’Q——

66 4010 87 4070 ¹)
104 4008 136 4060 N.
150 4009 186 4062 Δ.
199 4016 225 4074 3,
243 4017 269 4074 3,
291 4016 330 4063 lt.
341 4011 409 4076 -⁹)
428 4011 545 4078 Ktpkins
562 4012 579 4064 l.
598 4012 615 4062 l.
634 4026 658 4076 p.
681 4015 748 4061 18³0
766 4010 896 4061 existimat
913 4010 1038 4062 Naevium
1056 4009 1127 4060 loson

13 4094 123 4160 nnlignos
139 4097 287 4152 'eliminasse
305 4099 331 4150 in
350 4113 459 4151 carcere.
