2734 4610
557 195 632 276 ¹11

128 377 198 459 Qui
226 376 432 464 Campanum
460 377 618 444 Naevium
646 399 715 444 essa
737 379 924 457 voluerunt,
964 401 1037 444 eum
1064 380 1176 446 dicunt

27 486 123 550 inter
154 485 240 549 cives
271 480 457 570 Campanos
485 467 638 548 militasse
650 485 675 567 1)
706 507 765 549 nos
798 485 854 569 qui
889 484 1072 549 Romanum
1101 507 1175 550 eum

28 590 139 653 fnisse
164 610 340 665 censemus,
362 587 542 674 legionibus
562 610 635 654 eum
650 588 877 668 adscribimus.
895 590 995 654 civem
1011 610 1088 653 vero
1103 609 1175 675 poe

30 697 107 758 tam
124 693 227 757 fuisse
242 696 331 758 certo
343 693 417 758 iude
433 691 595 779 colligitur
607 694 695 776 quod
711 695 870 780 stipendia
884 692 938 757 illo
951 692 1035 758 bello
1046 694 1175 757 meruit

31 798 194 864 Nonnulli
223 819 299 862 vero
327 798 388 862 riri
419 797 543 880 doctu)
572 792 779 874 censuerunt,
816 797 974 863 Naevium
1004 798 1091 882 quod
1121 797 1176 860 sti-

33 902 336 989 pendiameruerit
356 902 463 986 ipsum
485 921 616 964 suarum
631 900 813 967 fabularum
829 906 973 967 actorem
987 924 1052 967 non
1066 901 1174 966 fuisse.

36 1006 153 1088 Quam
176 1007 369 1091 sententiam
391 1027 506 1088 uereor
526 1027 567 1072 ne
588 1007 748 1072 incautius
766 1007 974 1094 protulerint.
1016 1005 1174 1090 Namque,

36 1117 78 1176 ut
101 1111 314 1176 concedamus
334 1111 398 1192 iam
422 1113 493 1174 tum
517 1109 678 1176 hominem
707 1096 821 1196 quiin
848 1135 975 1177 scenam
1003 1112 1184 1198 prodissetf

40 1214 203 1301 stipendia
231 1237 354 1280 merere
383 1235 447 1279 non
469 1217 628 1301 potuisse,
657 1221 766 1282 tamen
794 1216 867 1281 inde
897 1217 985 1301 quod
1007 1221 1101 1281 antea
1123 1217 1176 1280 sti-

36 1319 160 1407 pendia
183 1320 301 1384 meruit
323 1319 471 1385 concludi
492 1321 621 1404 nequit,
657 1343 730 1384 eum
761 1325 875 1408 postea
903 1322 935 1384 in
962 1343 1089 1386 scenam
1111 1343 1176 1385 nun

35 1425 209 1512 prodiisse.
263 1422 329 1490 Sed
357 1425 459 1489 naid
488 1425 595 1510 ipsum
624 1426 753 1510 quidem
782 1427 911 1490 constat
940 1447 1006 1509 quo
1028 1429 1176 1510 tempore

35 1530 105 1594 lata
128 1530 172 1594 sit
193 1528 247 1592 illa
268 1528 321 1593 lex
343 1551 407 1614 qua
428 1527 609 1594 fabularum
636 1535 760 1594 actores
776 1531 881 1616 capite
897 1529 1175 1594 deminuebantur.

35 1635 96 1700 Me
124 1637 165 1698 ut
194 1654 339 1697 censeam
364 1632 522 1699 Naevium
551 1656 625 1698 suas
651 1633 776 1699 fabulas
806 1636 910 1722 egisse
938 1638 1069 1700 movent
1090 1633 1176 1697 Livii

37 1738 190 1819 verba³):
225 1737 332 1815 „idem
361 1735 475 1804 Livius
503 1742 578 1825 post
601 1737 733 1824 ,aliquot
763 1763 864 1805 annos
894 1741 950 1824 qui
979 1739 1019 1804 ab
1055 1739 1176 1802 saturis

39 1865 139 1908 ausus
170 1846 221 1908 est
248 1845 372 1929 primus
402 1846 593 1928 argumento
620 1843 762 1908 fabulam
785 1867 891 1910 serere
922 1845 1021 1928 (idem
1044 1843 1175 1918 scilicet,

40 1949 74 2014 id
96 1948 185 2032 quod
209 1970 320 2012 omues
342 1951 413 2016 tum
439 1951 550 2028 erant,
574 1940 706 2013 suorum
729 1951 908 2020 carminum
931 1950 1036 2031 actor)
1057 1947 1176 2012 dicitur

41 2057 126 2120 etc.“
177 2051 254 2132 Quo
283 2053 370 2121 loco.
401 2053 429 2115 si
457 2052 535 2136 quid
565 2053 674 2131 video,
706 2053 819 2120 Livius
847 2076 912 2119 non
941 2039 1048 2139 potuit
1070 2051 1176 2142 dicere
1266 2063 1269 2068 '

40 2181 173 2242 „omues
202 2163 274 2242 tum
305 2160 419 2244 poetas
445 2158 588 2222 carmina
616 2181 675 2224 sua
697 2159 822 2245 egisse“
845 2160 872 2222 si
902 2159 1012 2223 statim
1034 2156 1176 2221 Naevius

43 2264 247 2350 excipiendus
270 2264 386 2346 erat4).
433 2262 566 2352 Accedit
588 2263 690 2329 altera
711 2264 811 2329 ratio:
850 2263 900 2329 Ut
922 2265 1037 2350 postea
1058 2261 1176 2328 videbi·

43 2391 114 2433 mus
130 2368 271 2434 Naevius
294 2388 389 2453 saepe
411 2368 572 2454 priucipes
596 2369 735 2442 civitatis
757 2368 916 2445 laedebat,
938 2389 1021 2454 quae
1043 2367 1176 2432 crimina

42 2477 82 2536 ut
104 2472 251 2548 dilueret,
266 2473 305 2541 ,in
329 2471 455 2538 vincula
477 2473 639 2537 coniectus
662 2473 744 2537 duas
759 2473 885 2538 fabulas
901 2474 1039 2558 scripsit
1073 2471 1176 2556 Atqui

45 2578 215 2642 verisimile
236 2582 303 2654 est,
327 2575 485 2642 Naevium
510 2577 654 2642 eiusdem
676 2580 801 2663 generis
825 2577 1020 2644 carminibus
1042 2577 1176 2642 crimina
1230 2651 1233 2657 ¹

48 2679 178 2745 diluisse
200 2704 261 2765 quo
283 2685 379 2746 antea
403 2681 562 2768 principes
591 2681 737 2757 laeserit,
766 2685 806 2746 ut
835 2683 965 2747 eosdem
994 2681 1176 2768 palinodiae

46 2785 212 2849 auditores
238 2785 388 2862 haberet,
406 2787 476 2870 ¹qui
499 2785 764 2872 exprobrationes
792 2787 966 2851 audissent.
1011 2787 1126 2871 Itaque
1149 2786 1177 2850 si

45 2889 215 2977 praecipue
235 2891 268 2954 in
291 2912 386 2958 scena
413 2891 573 2979 principes
596 2890 733 2957 laeserat
743 2894 770 2977 5)
797 2915 862 2958 uon
884 2893 979 2958 video
1009 2891 1172 2976 quomodo

46 2995 107 3059 hac
126 3017 162 3060 re
184 2995 311 3082 culpam
327 2994 389 3061 sibi
411 2997 618 3073 contraxerit,
642 2997 702 3062 nisi
724 2999 793 3083 ipse
813 2998 847 3062 in
862 3019 989 3062 scenam
1012 2995 1175 3082 prodibat.

46 3099 193 3184 Namque
216 3122 316 3183 quum
339 3099 457 3164 aediles
480 3101 605 3166 curules
628 3102 704 3165 iude
732 3101 774 3165 ab
796 3122 879 3184 anno
904 3108 966 3166 541
995 3101 1120 3166 fabulas
1149 3101 1176 3164 si

46 3227 110 3268 non
131 3207 321 3289 emerent,⁶)
344 3209 494 3270 curarent
516 3209 624 3272 tamen
646 3228 686 3271 ne
708 3206 786 3290 quid
815 3203 941 3271 fabulae
968 3205 1175 3282 offenderent,

117 3451 136 3510 ¹)
155 3450 187 3500 cf.
206 3451 329 3504 Niebuhr.
346 3453 383 3503 ·11
400 3452 469 3503 Nota
490 3459 546 3504 105.
571 3481 607 3490 --
629 3453 650 3515 ¹)
670 3453 702 3504 cf.
727 3455 845 3504 Momms.
870 3451 944 3520 Ibp.
971 3459 1022 3504 880
1047 3460 1115 3503 nota.
1143 3465 1194 3488 -’

49 3537 69 3598 ⁸)
88 3537 139 3587 Lir.
160 3540 184 3600 7,
203 3544 227 3588 2.
247 3539 279 3589 cl.
298 3540 441 3590 Euanthius
460 3541 492 3590 de
510 3555 575 3590 eom.
595 3548 621 3590 et
638 3549 715 3605 tuga
734 3541 840 3592 Ludnac
859 3542 961 3592 fabulae
978 3543 1061 3606 primo
1074 3556 1090 3589 a
1102 3539 1175 3590 Llrio

48 3624 193 3675 Andronico
213 3626 323 3690 scriptas
341 3636 399 3677 sunt
417 3628 450 3678 ad
468 3637 572 3678 cunctas
596 3643 636 3679 res
655 3643 733 3693 quum
752 3631 827 3679 ctiam
848 3637 901 3680 tum
920 3631 1046 3680 recentius
1064 3629 1133 3677 idem
1151 3634 1177 3678 et

48 3717 121 3774 poeta
138 3719 163 3760 ct
181 3719 254 3762 actor
271 3711 417 3764 fabularum
435 3729 539 3764 suarum
558 3715 653 3766 luisset.
666 3743 702 3752 -
713 3717 735 3778 ⁴)
754 3716 934 3767 Niebuhrius.1
952 3733 976 3781 p.
996 3722 1046 3766 543
1060 3716 1090 3766 N.
1109 3717 1175 3766 107⁸

47 3805 131 3846 censet
147 3799 278 3849 Romanos
298 3801 352 3850 sine
369 3803 509 3866 ignominia
527 3808 717 3866 praetextatum
736 3813 761 3853 et
785 3812 928 3866 togatarum
952 3819 1075 3868 personas
1099 3815 1176 3867 agere
1219 3813 1224 3822 ’

46 3886 163 3949 putuisse.
181 3913 214 3924 «-
230 3889 252 3950 ⁶)
272 3887 304 3937 el.
319 3888 452 3954 Kocpkius
470 3889 536 3952 Eph.
556 3889 606 3940 LL.
625 3891 659 3940 A.
678 3891 711 3940 A.
732 3895 799 3946 18³5
820 3906 844 3954 p.
866 3897 940 3942 12³0.
958 3917 990 3928 -
1005 3893 1026 3953 ⁶)
1040 3890 1072 3940 cl.
1088 3891 1176 3942 Osann

46 3987 86 4022 an.
104 3986 137 4021 cr.
156 3988 181 4037 p.
203 3980 253 4024 1⁴8
272 3977 315 4040 qui
334 3984 439 4040 propter
455 3975 524 4026 Fasti
543 3977 714 4027 testimonium
732 3993 752 4027 s.
777 3993 800 4026 v.
820 3977 904 4028 scriba
925 3989 1012 4029 census
1030 3979 1095 4030 Livii
1113 3988 1177 4028 tem·

45 4074 106 4124 pore
122 4070 212 4125 poetas
231 4079 283 4113 uon
302 4071 435 4130 argeutum
454 4063 501 4113 sed
519 4064 587 4114 aliud
607 4066 746 4129 praemium
766 4066 903 4129 acamisso.
1091 4071 1094 4078 ’
