2734 4610
532 163 574 223 45

33 351 100 434 qui
123 348 292 416 ex·lliade
312 348 503 427 laudantur,
535 352 623 417 adeo
640 355 716 417 sunt
738 349 832 437 politi
842 353 867 435 ¹)
896 354 934 414 ut
964 371 1119 437 cogamur
1217 381 1219 395 .

47 453 234 541 posteriori
255 458 373 542 poetae
396 454 558 531 tribuere,
588 458 678 521 cuius
705 477 822 521 nomen
845 456 923 520 satis
945 455 1118 521 obscurum

21 565 118 624 rtuor
142 558 222 624 locis
244 559 278 623 in
302 557 416 624 Naevii
437 561 640 626 notissimum
662 583 779 627 nomen
802 564 991 648 corruptum
1015 566 1073 626 est.

61 667 107 730 ln
141 665 248 730 varias
276 664 378 749 igitur
407 661 583 730 sententias
613 667 653 730 de
684 665 827 753 Cypriae
852 659 964 730 Iliadis
987 668 1119 730 auctore

20 771 30 834 i
55 771 153 837 docti
175 769 333 835 abierunt.
378 768 525 835 Primum
542 771 626 835 enim
643 769 844 854 schottiusu
866 771 987 836 Laevio
1002 770 1119 836 tribuit

19 876 139 962 ‘priam
175 875 308 938 Iliadem
346 896 442 959 quern
475 877 604 959 sequuti
637 880 714 942 sunt
745 876 777 944 J.
815 875 857 942 G.
891 872 1038 952 Vossius,
1064 872 1116 970 G.

19 1002 206 1054 umanum,
254 977 423 1055 Osannns,
470 979 726 1058 massmannus,
761 981 926 1046 Hertzius.
990 979 1118 1045 Contra

19 1107 62 1150 nc
87 1085 279 1150 sententiam
301 1084 489 1150 Wtillnerus
520 1087 576 1170 qui
596 1088 665 1173 ipse
686 1108 750 1152 non
773 1087 871 1151 audet
892 1085 1016 1152 Naevio
1045 1085 1117 1150 nia

18 1212 53 1252 m
79 1187 233 1268 tribuere,
256 1193 382 1266 censet,
411 1191 570 1255 Laevium
595 1191 727 1278 poetam
748 1191 878 1257 levioris
904 1190 1004 1256 fuisse
1031 1190 1118 1278 inge·
1150 1211 1151 1218 ¹

18 1349 19 1356 ,
44 1317 145 1378 quam
168 1294 223 1378 qui
245 1294 387 1360 carmina
408 1295 537 1362 heroica
558 1300 710 1366 uerteret.

66 1397 136 1464 Sed
165 1422 266 1484 quum
295 1400 393 1465 nulla·
411 1405 500 1470 certa
528 1402 655 1467 ratione
676 1402 717 1466 ad
739 1403 897 1484 Laeuium
919 1401 1116 1466 deducamur
1220 1413 1223 1420 '

17 1505 66 1568 ius
97 1510 231 1591 praeter
259 1505 503 1592 Erotopaegnia
532 1505 655 1571 nullum
684 1529 814 1573 carmen
834 1510 949 1572 notum
980 1508 1045 1582 est,
1075 1505 1116 1568 de

17 1611 100 1674 levio
131 1633 199 1674 non
231 1612 413 1696 cogitamus
450 1631 679 1696 censemusque
713 1612 866 1677 audacius
902 1609 1047 1676 Keilium
1082 1611 1116 1674 in

16 1716 120 1780 rarisii
142 1718 265 1780 testum
280 1715 497 1782 coniecturam
512 1718 672 1804 recepisse
693 1739 758 1801 qua
773 1717 956 1794 ,‚Laevius“
972 1739 989 1780 e
1003 1714 1117 1780 Naevii

16 1822 104 1885 mine
127 1819 276 1888 efficitur.
323 1819 434 1901 Quum
456 1843 534 1886 vero
556 1823 644 1908 apud
658 1811 849 1888 ¹Charisium
879 1822 993 1908 legunt
1015 1821 1132 1911 „Lae-¹

15 1937 69 1990 1s“
93 1925 183 2012 apud
197 1926 399 1993 Priscianum
423 1927 478 2010 qui
492 1926 649 1992 Naevium
673 1928 707 1991 in
726 1927 828 1992 Iliade
842 1925 957 1991 laudat
971 1926 1115 2012 plerique

15 2054 59 2096 nc
89 2031 205 2118 legunt
234 2031 344 2097 Ninnii
373 2054 489 2098 nomen
519 2033 606 2117 quod
636 2031 777 2120 primum
807 2033 839 2096 in
864 2035 1003 2096 mentem
1025 2031 1115 2120 venit

15 2137 193 2220 :riveri0³);
222 2141 320 2221 atque
343 2137 425 2204 hanc
451 2139 643 2203 sententiam
674 2159 765 2203 suam
788 2157 921 2221 quoque
952 2134 1114 2220 quondam

14 2242 76 2306 isse
98 2242 288 2310 Wiillnerus
311 2242 462 2308 adfirmat
484 2245 559 2328 quid
582 2266 677 2328 saepe
699 2241 810 2308 Ninnii
832 2247 948 2306 nomen
970 2239 1115 2306 inlibris

14 2351 167 2433 rruptum
196 2347 332 2412 inveniri
362 2349 540 2412 ostenderit
569 2347 773 2451 Krehlius.4)
824 2347 872 2416 Et
907 2348 1031 2411 utinam
1066 2345 1115 2410 vir
1212 2401 1217 2411 .

16 2456 93 2516 etus
117 2453 151 2514 in
174 2475 232 2516 sua
254 2454 415 2517 sententia
436 2454 650 2539 perstitisset,
681 2475 755 2517 nam
787 2473 886 2536 quum
916 2450 1000 2516 idem
1028 2450 1114 2516 Pris-
1212 2453 1215 2460 “

14 2560 125 2638 mus⁵)
166 2557 277 2622 laudet
307 2556 462 2623 Ninnium
500 2557 654 2624 Crassum
688 2559 722 2621 in
756 2557 880 2622 XXIV
916 2555 1036 2620 iliados
1080 2559 1114 2618 et

14 2663 106 2726 >nius
130 2683 155 2724 a.
178 2683 208 2726 v.
229 2661 285 2727 fite
309 2661 464 2728 Crassum
486 2664 541 2728 lib.
564 2662 652 2729 XVl
675 2662 795 2726 Iliados
817 2661 940 2725 nullum
968 2662 1113 2722 remanet

14 2767 115 2832 bium
139 2767 214 2850 quin
239 2771 352 2833 nostro
382 2789 511 2853 quoque
538 2768 608 2834 loco
640 2767 812 2854 legendum
843 2767 886 2831 sit
913 2765 1051 2831 Ninnius
1080 2765 1113 2828 in

14 2873 75 2938 ade
99 2876 138 2936 ut
160 2873 228 2937 iure
249 2873 404 2940 Hertzius
426 2873 460 2937 in
482 2895 541 2938 sua
562 2871 719 2939 Prisciani
742 2871 882 2939 aditione
903 2871 993 2958 legit.

59 2972 242 3044 Praeterea
259 2978 445 3044 Wtillnerus
468 2979 591 3064 cogitat
613 2979 654 3043 de
669 2977 776 3044 Ennio
799 3001 871 3043 cum
894 2978 985 3043 cuius
1007 2976 1114 3042 colore

32 3083 154 3168 spiritu
175 3081 360 3170 fragmenta
381 3087 510 3148 servata
533 3085 702 3149 convenire
724 3084 811 3160 dicit,
835 3101 1028 3166 quamquam
1043 3081 1113 3166 ipse

14 3209 57 3250 un
82 3188 278 3252 sententiam
300 3211 365 3254 non
387 3190 499 3254 tuetur
520 3211 619 3273 quum
643 3191 737 3275 putet
762 3186 842 3251 illud
863 3209 945 3273 opus
973 3187 1000 3250 si
1026 3190 1113 3252 esset

31 3293 145 3358 Ennio
168 3291 359 3377 profectum,
383 3295 485 3380 magis
509 3298 595 3359 certe
617 3299 730 3360 notum
753 3293 861 3356 fuisse.
950 3349 953 3361 .

62 3397 133 3460 Alii
163 3397 300 3483 denique
330 3400 516 3485 cogitarunt
545 3400 586 3464 de
617 3397 681 3465 Gn.
718 3398 824 3464 Matio
860 3418 954 3482 quem
992 3397 1111 3463 scimus

14 3503 113 3566 >meri
134 3503 267 3568 Iliadem
290 3506 423 3569 nonita
447 3503 611 3591 eleganter
632 3504 776 3570 vertisse.
822 3501 889 3569 Sed
917 3503 995 3587 nihil
1016 3503 1111 3588 proli-

14 3629 75 3671 nus
114 3608 337 3673 enumerandis
371 3610 469 3677 variis
499 3608 681 3685 sententiis3
715 3631 815 3692 quum
849 3609 933 3673 euim
971 3605 1110 3672 sciamus

15 3713 132 3776 unium
164 3710 321 3777 Crassum
358 3715 554 3780 hexametris
588 3713 721 3779 Iliadem
751 3711 907 3789 uertisse,
948 3734 1111 3798 quumque

45 3964 65 4022 ¹)
87 3960 119 4010 cl.
138 3961 247 4012 Vahlen.
266 3962 333 4012 Eun.
352 3978 377 4028 p.
397 3965 438 4013 5⁷.
460 3989 491 3999 -
511 3963 533 4026 ¹)
551 3963 578 4012 in
595 3963 681 4013 Procli
699 3962 834 4011 chrestum.
854 3975 878 4024 p.
901 3965 952 4010 419
973 3959 1054 4010 Gaias.
1075 3989 1106 3999 -
1219 4027 1221 4032 ,

14 4049 159 4106 udssaudii
176 4050 287 4100 Amores
305 4065 331 4115 p.
350 4056 409 4102 ⁴16.
430 4077 463 4088 --
480 4051 503 4113 ⁴)
522 4051 556 4099 ad
572 4049 652 4100 Prisc.
671 4065 696 4114 p.
717 4054 776 4098 ⁴59.
798 4075 830 4085 -
848 4048 871 4110 ὅ)
887 4063 914 4111 p.
935 4051 986 4096 866
1006 4048 1036 4102 P..
