2734 4610
591 156 631 212 23

502 237 711 247 ...ψ-ὴ...-

7 343 103 404 tum
130 339 326 420 „Poenicum
351 337 486 404 bellum“
512 344 665 424 sequetur
693 341 765 425 quis
786 339 868 406 hanc
890 342 1174 427 grammaticorum

7 445 199 510 ¹icentiam
222 448 387 528 tamquam
418 444 533 530 legem.
579 445 751 510 Postremo
783 446 880 510 etiam
910 449 1038 510 cautum
1062 449 1175 510 estne

7 550 109 636 quis
128 573 169 614 ex
187 547 284 614 Gellii
296 553 320 634 ¹)
342 553 376 614 et
393 547 558 614 Ciceronis
570 553 596 636 2)
617 550 722 616 verbis
739 572 851 615 eruere
867 555 1009 627 conetur,
1026 552 1175 616 carminis

7 677 155 720 nomen
177 652 276 718 fuisse
304 653 442 736 ,bellum
464 654 623 720 Punicum
655 656 812 742 primum“
840 677 977 740 namque
1005 657 1066 718 etsi
1095 654 1175 718 illud

7 760 157 824 bellum
180 759 241 823 hoo
256 759 395 824 carmine
411 760 662 837 describebatur,
685 765 794 824 tamen
820 782 948 824 carmen
963 756 1037 825 inde
1059 781 1175 824 nomen

9 885 100 930 non
125 865 261 950 accepit.

109 969 202 1044 ¹Hoc
230 969 331 1055 igitur
361 991 489 1034 carmen
513 969 553 1034 ab
578 967 717 1034 Octavio
741 970 964 1056 Lampadione
987 971 1020 1033 in
1050 952 1175 1056 septem

16 1075 140 1140 libros
162 1075 297 1139 divisum
328 1095 398 1138 esse
425 1078 536 1138 narrat
560 1072 734 1140 Suetonius
765 1077 855 1140 cuius
886 1097 960 1140 cum
989 1074 1176 1139 testimonio

28 1180 164 1266 optime
186 1178 334 1265 congruit
358 1179 445 1262 quod
460 1184 589 1266 praeter
605 1182 778 1266 septimum
794 1179 912 1246 librum
928 1177 1033 1244 nullus
1055 1179 1177 1243 maiore

25 1306 175 1348 numero
196 1285 367 1369 insignitus
389 1283 549 1352 laudatur.
597 1283 688 1364 Quas
716 1308 794 1350 vero
824 1291 875 1348 res
899 1287 996 1370 poeta
1026 1285 1177 1348 tractarit

26 1393 65 1454 et
105 1394 178 1472 quo
208 1413 316 1454 rerum
351 1389 464 1482 ordine
498 1411 574 1453 usus
607 1391 665 1464 sit,
700 1395 857 1473 quantum
892 1381 1065 1457 divinando
1100 1410 1177 1452 sana
1266 1429 1271 1433 -

26 1495 165 1560 ratione
187 1495 313 1578 assequi
335 1516 523 1580 possumus,
552 1493 749 1559 tentabimus
773 1516 942 1580 exponere.

125 1601 238 1682 Atque
275 1601 415 1684 primum
453 1601 584 1683 quidem
620 1599 804 1686 fragmenta
839 1621 921 1684 qnae
957 1599 1063 1684 primo
1093 1583 1175 1661 libro

27 1704 206 1771 Vahlenus
223 1705 361 1794 collegit,
386 1705 464 1768 satis
485 1705 674 1782 ostendunt,
698 1705 855 1771 Naevium
878 1726 1028 1768 narrasse
1051 1703 1091 1767 de
1113 1705 1175 1767 Ae-

29 1833 97 1875 nea
121 1814 156 1875 et
178 1809 321 1874 Anchisa
343 1811 442 1876 Troia
464 1809 668 1896 ¹fugientibus
700 1815 733 1874 et
755 1813 788 1874 in
812 1811 892 1874 mari
921 1809 1109 1874 errantibus
1134 1809 1174 1872 de

30 1917 168 1981 Didone
185 1919 218 1979 et
233 1907 338 1991 Anna,
364 1915 404 1984 de
421 1913 544 2000 Sibylla
561 1913 737 1980 Cimmeris
752 1938 825 1980 cum
842 1915 951 1980 Aenea
967 1915 1175 1997 colloquente,
1199 1988 1202 1991 Α

32 2021 166 2086 Deinde
195 2013 378 2106 fragmenta
416 2022 547 2086 secundi
576 2020 650 2085 libri
681 2043 776 2106 quem
807 2019 972 2084 Vahlenus
1007 2020 1177 2084 constituit

34 2126 233 2190 mentionem
258 2126 381 2190 faciunt
403 2126 560 2214 Ammnlli
582 2127 683 2213 regis,
714 2114 861 2201 Romuli,
892 2122 1033 2190 Palatini
1056 2123 1178 2189 conditi

37 2234 73 2294 et
95 2230 257 2294 Aventini.
704 2257 719 2284 ·

127 2335 238 2401 Tertio
268 2333 369 2410 libro,
403 2336 429 2398 si
448 2336 597 2402 .Vahleni
626 2337 844 2402 recensionem
877 2337 1055 2420 sequimur,
1091 2331 1177 2398 bello

35 2441 159 2506 Poenis
181 2441 321 2518 indicto,
343 2441 479 2506 Marcus
504 2439 653 2508 Valerius
677 2442 789 2508 consul
812 2445 937 2528 partem
961 2441 1122 2504 exercitus
1144 2439 1177 2502 in
1235 2471 1238 2476 ·

38 2547 279 2632 expeditionem
304 2547 407 2622 ducit,
433 2530 553 2612 mentio
577 2570 705 2633 quoque
727 2546 815 2611 facta
838 2551 888 2610 est
911 2547 1048 2610 militum
1072 2545 1127 2628 qui
1151 2543 1178 2606 si

41 2651 274 2715 commilitones
290 2652 484 2730 desererent,
507 2675 580 2718 cum
605 2656 719 2739 stupro
743 2653 785 2716 ad
808 2673 883 2716 suos
906 2651 1043 2721 redituri
1060 2652 1176 2712 essent.

39 2753 149 2819 Libro
165 2761 277 2840 quarto
300 2760 417 2824 transit
432 2757 580 2823 Melitam
598 2759 757 2822 exercitus
773 2757 973 2840 insulamque
989 2753 1176 2842 populatur,
1211 2841 1213 2848 γ

38 2883 152 2946 pugna
174 2885 289 2950 anceps
313 2863 524 2939 describitur,
555 2861 733 2928 victoribus
764 2885 839 2928 caro
863 2861 1077 2927 distribuitur.
1124 2859 1178 2924 De

39 2967 154 3050 quinto
182 2968 264 3033 libro
292 2969 371 3034 nihil
401 2974 546 3044 constat,
577 2968 743 3034 Vahlenus
774 2990 851 3032 vero
881 2969 914 3031 in
944 2965 1029 3030 hunc
1059 2964 1177 3029 librum

40 3073 169 3137 ordinat
184 3073 402 3160 fragmentum
420 3098 485 3159 quo
507 3076 650 3140 dictator
666 3097 762 3140 curru
784 3071 899 3138 invehi,
912 3072 1038 3146 dicitur.
1076 3068 1178 3134 Sexto

39 3179 187 3265 legimus,
211 3182 385 3267 septimum
411 3181 569 3245 decimum
592 3204 710 3245 annum
733 3180 857 3264 aliquos
887 3177 1034 3252 homines
1062 3175 1179 3239 alicubi

42 3283 179 3360 sedisse,
219 3289 430 3350 conteruntur
458 3285 616 3372 legiones,
652 3285 802 3351 convenit
829 3288 866 3348 ut
897 3282 1010 3366 aliquis
1041 3303 1178 3367 regnum

43 3389 170 3465 habeat,
185 3381 322 3475 ¹Poenus
345 3395 543 3476 expectatur.
589 3391 692 3456 Libro
715 3391 854 3477 septimo
877 3389 1014 3474 denique
1037 3385 1179 3451 Naevius

44 3495 91 3558 sui
114 3496 310 3560 mentionem
333 3498 458 3571 iniecit,
476 3493 568 3582 'pacis
592 3497 792 3561 conditiones
815 3494 983 3560 feruntur(
1018 3491 1072 3556 Ex
1094 3489 1180 3576 frag·

45 3600 158 3679 mentis
179 3599 294 3666 incerti
315 3601 378 3666 loci
399 3602 478 3678 nihil
493 3602 695 3666 concluditur
718 3601 759 3666 de
780 3599 878 3664 rebus
894 3621 975 3682 qnae
995 3599 1178 3672 narrantur,
1238 3583 1246 3600 ⁸

46 3706 163 3770 mentia
194 3708 304 3772 tamen
331 3708 462 3772 inicitur
488 3707 631 3772 bostium
660 3707 715 3790 qui
742 3705 827 3769 fame
857 3705 1057 3778 cruciantur,
1089 3701 1180 3764 navis

46 3813 173 3874 aeratae
188 3832 271 3894 quae
285 3816 505 3899 comparatur,
529 3812 676 3888 incendii,
698 3803 903 3885 Samnitium,
921 3809 1055 3872 aliarum
1070 3827 1179 3870 rerum
1234 3853 1237 3862 ,

46 3962 90 3972 —-

114 4041 134 4102 ²)
153 4039 187 4093 cf.
206 4039 272 4092 Gall.
292 4041 324 4092 N.
343 4041 377 4092 A.
400 4045 439 4105 17,
456 4037 504 4103 al,
523 4047 565 4092 ⁴5.
585 4069 618 4078 -
639 4042 659 4104 ἵ)
679 4041 711 4092 cf.
732 4040 785 4092 Cic.
805 4041 877 4090 Brut.
900 4043 940 4100 lt,
961 4041 1002 4090 u.
