2734 4610
751 229 791 288 14

200 415 411 492 conicerctur,
434 437 531 500 quam
551 436 620 480 rem
641 414 768 482 Gellius
779 417 805 498 1)
825 418 938 480 narrat
959 372 1209 478 hisce-verbis:
1237 409 1350 488 „Sicut

201 519 241 586 de
263 520 387 586 Naevio
414 541 544 605 quoque
571 520 751 606 accepimus
782 518 908 584 fabulas
939 541 1012 584 eum
1035 519 1068 582 in
1098 538 1244 582 carcere
1276 516 1350 580 duas

201 624 381 711 scripsisse,
409 624 580 688 Hariolum
604 628 637 690 et
658 626 832 700 Leontem,
863 646 961 708 quum
985 622 1027 688 ob
1050 623 1231 686 assiduam
1264 619 1350 684 male

87 811 88 814 Ἴ
200 728 371 794 dicentiam
395 731 428 792 et
448 729 567 814 probra
588 730 622 794 in
641 730 802 816 principes
824 730 963 795 civitatis
979 729 1019 794 de
1036 726 1261 794 Graecorum
1285 747 1350 811 poe-

200 837 308 898 tarum
339 853 428 898 more
458 832 561 909 dicta,
595 835 626 898 in
654 835 781 900 vincula
803 858 822 899 a
844 835 1021 902 triumviris
1050 834 1234 898 coniectus
1261 833 1350 895 esset.

201 936 298 1002 Unde
319 940 396 1023 post
416 959 437 1000 a
459 937 596 1002 tribunis
618 939 721 1024 plebis
743 942 913 1026 exemptus
935 942 985 1004 est
1005 960 1105 1023 quum
1130 940 1170 1004 in
1195 937 1251 1005 his
1278 957 1350 1020 quas

200 1041 299 1127 supr'a
320 1041 388 1107 dixi
402 1041 521 1106 fabulis
540 1041 657 1108 delicta
677 1064 736 1107 sua
758 1045 790 1107 et
808 1043 1005 1128 petulantias
1021 1044 1206 1119 dictorum,
1235 1039 1350 1125 quibus

201 1145 320 1211 multos
344 1148 419 1210 ante
440 1145 590 1223 laeserat,
614 1147 791 1214 diluisset.“
1128 1131 1132 1147 ’
1350 1165 1351 1170 ’

249 1253 252 1260 ’
281 1248 396 1330 ¹Quem
418 1251 524 1316 locum
533 1252 684 1339 plerique
704 1253 766 1316 viri
787 1252 874 1343 docti
896 1253 942 1317 sic
962 1251 1201 1318 intellexerunt
1227 1255 1270 1316 ut
1295 1254 1351 1317 sta

200 1357 339 1432 tuerent,
362 1356 534 1422 Metellum
556 1356 733 1433 consulem,
758 1357 798 1421 de
821 1379 884 1442 quo
906 1357 1023 1443 p'cstea
1044 1357 1247 1441 loquemur,
1273 1354 1348 1420 Nae

201 1461 290 1528 vium
312 1462 346 1527 in
367 1463 492 1528 vincula
514 1461 615 1527 conici
637 1461 767 1526 iussisse
787 1483 870 1527 anno
893 1463 968 1528 548.
1014 1458 1079 1526 Sed
1108 1461 1194 1527 hace
1219 1483 1279 1526 res
1304 1457 1347 1526 ad.

201 1566 334 1632 modum
356 1566 456 1632 dubia
477 1569 537 1641 est,
562 1588 661 1651 quum
684 1566 762 1630 nulli
784 1568 958 1653 scriptores
974 1570 1099 1633 eertum
1116 1567 1201 1652 quid
1227 1566 1274 1630 de
1296 1565 1346 1628 hac

201 1694 236 1736 re
258 1671 468 1747 tradiderint,
502 1669 581 1734 nihil
603 1672 687 1735 enim
710 1674 840 1737 constat
863 1669 960 1757 quam
981 1671 1161 1738 Metellum·
1178 1672 1343 1736 minatum

201 1798 270 1841 esse
292 1775 437 1840 saturnio
462 1777 596 1859 propter
625 1775 822 1853 saturnium3
849 1776 990 1843 Naevius
1012 1799 1090 1844 vero
1112 1799 1178 1841 non
1205 1777 1344 1862 propter

201 1879 363 1945 saturnios
385 1877 442 1942 sed
456 1883 592 1965 propter
606 1878 732 1944 fabulas
755 1881 788 1944 in
810 1903 970 1950 carcerem
987 1882 1150 1947 coniectus
1166 1903 1245 1945 esse
1262 1879 1342 1944 vide-

132 2054 140 2069 ,
201 1989 271 2060 tur,
309 1983 342 2048 in
378 1983 495 2068 quibus
529 1985 564 2048 id
599 1986 756 2071 temporis
789 1987 954 2052 saturnios
984 1986 1084 2051 fuisse
1122 2007 1181 2050 nec
1204 1985 1342 2059 scimus

202 2110 261 2154 neo
288 2089 357 2154 veri
386 2092 436 2154 est
466 2090 577 2154 simile.
639 2091 755 2174 ltaque
789 2113 900 2168 nemo,
932 2078 1046 2166 credo,
1082 2089 1289 2174 obloquetur
1321 2083 1341 2148 si

201 2193 359 2258 Naevium
397 2196 472 2258 ante
512 2179 683 2258 Metellum
714 2193 884 2262 consulem
911 2196 943 2258 in
979 2215 1139 2259 carcerem
1175 2193 1342 2258 mittimus

203 2320 285 2362 anuo
310 2304 374 2363 544
395 2298 445 2364 vel
469 2304 532 2378 543
556 2301 730 2383 postquam
745 2321 856 2363 versus
871 2299 942 2364 illos
964 2300 997 2363 in
1018 2298 1200 2386 Scipionem
1225 2296 1352 2388 edidit,

204 2401 305 2482 Quod
327 2391 404 2470 vero
428 2426 447 2468 a
469 2403 647 2466 triumviris
669 2397 945 2488 prehendebatur,
969 2427 1035 2469 non
1055 2404 1176 2472 indicat
1197 2399 1344 2489 peregri-

202 2530 280 2571 num
302 2506 392 2572 illum
414 2507 527 2581 fuisse,
551 2506 608 2571 aed
630 2509 759 2573 tantum
782 2510 883 2574 civem
905 2509 1007 2574 infimi
1036 2509 1157 2574 ordinis
1180 2530 1286 2592 quum
1311 2503 1343 2568 hi

204 2634 332 2698 quoque
353 2612 385 2677 in
408 2602 614 2676 triumvirum
637 2618 745 2677 essent
767 2617 977 2699 potestates).
1021 2614 1069 2680 Hi
1093 2615 1193 2701 igitur
1223 2609 1342 2696 poenis

204 2739 277 2782 eum
301 2716 476 2812 affccepunt
498 2738 597 2800 quum
619 2717 692 2804 lege
717 2718 887 2784 duodecim
909 2720 1102 2786 tabularum
1116 2720 1181 2784 iam
1204 2717 1342 2781 cautum

204 2825 299 2898 esset,
321 2825 360 2887 ut
382 2822 409 2886 si
432 2823 503 2906 quis
524 2821 647 2908 populo
669 2825 846 2889 occentarit
861 2846 1028 2891 carmenve
1049 2821 1228 2889 condiderit
1251 2819 1342 2900 quod

205 2926 369 2991 infamiam
391 2925 503 2991 fecerit
531 2925 730 3012 flagitiumve
753 2929 863 3005 alteri,
894 2930 921 2992 is
940 2919 1027 2993 iuste
1053 2926 1221 2994 feriatur.“
1268 2923 1340 2988 Diu

204 3053 277 3096 cum
298 3031 332 3096 in
355 3027 481 3098 carcere
510 3031 610 3099 fuisse
639 3032 715 3098 inde
745 3036 882 3120 ap'paret
911 3033 999 3116 quod
1025 3031 1106 3096 duas
1135 3029 1261 3095 fabulas
1293 3027 1338 3092 ibi

204 3137 342 3222 scripsit
379 3135 519 3201 Dolores
542 3159 619 3202 vero
641 3159 723 3221 quos
743 3137 790 3201 ibi
810 3157 925 3222 passus
948 3140 999 3202 est
1020 3137 1172 3202 describit
1186 3135 1335 3206 Plautus,

205 3242 295 3306 cuius
317 3240 417 3306 verba
427 3237 454 3326 3)
485 3241 678 3326 interpretes
709 3241 750 3306 de
771 3239 895 3307 Naevio
923 3241 1010 3308 dicta
1037 3243 1107 3307 iure
1136 3241 1333 3308 arbitrantur

205 3344 281 3410 freti
296 3345 390 3412 Pauli
405 3345 590 3410 testimonio
601 3348 627 3427 4)
641 3346 697 3428 qui
712 3344 883 3423 „Plautus
898 3347 1015 3432 inquit,
1029 3345 1186 3413 Naevium
1204 3352 1333 3434 poetam

203 3451 360 3516 Latinum
382 3447 555 3514 barbarum
579 3447 689 3513 dicit.“

238 3611 241 3620 ,
290 3553 402 3620 Plauti
424 3555 531 3638 autem
553 3553 652 3618 verba
673 3554 752 3620 haee
774 3559 865 3621 sunt:

172 3739 176 3748 ι
205 3728 442 3743 ’.Ψ-η’·-

278 3836 298 3898 1)
317 3834 349 3885 ei.
369 3834 434 3885 Geli.
454 3833 487 3884 ih.
508 3859 540 3870 ·-
560 3834 581 3897 ²)
601 3835 633 3885 cl.
652 3837 746 3902 Zumpt
762 3807 797 3887 'aa
816 3837 870 3888 Cic.
883 3839 957 3888 Verr.
975 3845 1008 3902 pl
1020 3843 1061 3888 36.
1082 3837 1113 3887 cf.
1132 3838 1209 3887 Klotz
1227 3838 1259 3886 ad
1278 3838 1326 3889 Cic.

205 3939 253 3989 pro
267 3922 414 3984 Cluentia,
433 3939 458 3988 p.
479 3927 537 3972 614.
557 3950 590 3960 -
609 3925 630 3984 ⁸)
650 3924 682 3974 cl.
696 3925 779 3982 Pleas.
798 3925 852 3974 Mil.
873 3923 942 3975 Glor.
962 3931 987 3985 2,
1006 3931 1032 3985 2,
1052 3929 1092 3974 56.
1112 3923 1327 3974 HincWindiseh·

205 4011 291 4060 manni
308 4011 434 4060 sententia
451 4011 563 4075 aliquam
580 4013 633 4062 veri
652 4014 764 4078 speciem
782 4012 936 4061 nanciscitur
954 4011 997 4076 qni
1015 4012 1123 4062 Militem
1147 4021 1206 4062 ante
1225 4017 1270 4060 ⁵50
1287 4027 1326 4062 ac·

206 4105 258 4148 tam
276 4113 332 4150 esse
350 4104 443 4149 censet
463 4125 495 4151 e·
515 4099 537 4160 ⁴)
557 4097 589 4148 ci.
609 4099 680 4148 Paul.
699 4099 768 4150 Festi
787 4113 812 4162 p.
832 4103 866 4148 ³6
884 4099 920 4148 Μ.
