2712 4630
548 217 588 274 91

465 299 672 314 ——nq

328 459 544 544 xxxvu.
605 457 806 580 nunus.

56 600 101 652 cf.
124 596 249 651 Ribbeck.
270 613 334 649 com.
354 599 399 650 rel.
420 614 444 664 p.
468 604 506 649 14.

79 719 202 786 Naevii
225 720 340 810 poetae
361 718 477 784 Ludus
507 720 779 784 commemoratur
807 739 827 782 a
849 714 1005 784 Cicerone
1015 715 1050 806 ¹),
1081 739 1134 784 va·

12 830 100 892 ante
124 829 235 891 tamen
257 823 403 890 codicum
426 825 604 910 scriptura,
633 846 733 908 quum
763 823 892 909 plurimi
920 822 994 889 libri
1023 823 1134 908 legant

12 935 47 998 rt
77 933 133 996 est
155 932 188 996 in
210 927 305 996 Nevii
326 931 442 1016 poetae
462 929 562 994 ludo“
583 929 659 994 Bas.
681 928 757 995 Par.
773 927 844 994 Eri.
866 949 944 994 vero
963 929 1018 1007 „in
1039 927 1134 994 Nevii

11 1036 172 1102 osteriori
194 1034 310 1101 libro“.
343 1033 459 1101 Cicero
482 1035 560 1099 dicit
582 1035 667 1102 fere:
690 1033 753 1112 „ln
772 1032 885 1100 Naevii
906 1034 961 1100 illo
984 1037 1134 1126 poemate

11 1139 275 1207 ercontabantur
790 1164 792 1168 ¹

11 1241 92 1313 ledo
117 1247 173 1333 qui
195 1249 337 1315 vestram
360 1243 591 1332 rempublicam
613 1248 738 1312 tantam
761 1246 912 1311 amisistis
942 1249 1010 1312 tam
1036 1247 1124 1314 cito?

11 1351 236 1440 espondentur
258 1352 292 1416 et
314 1351 376 1416 alia
398 1355 432 1416 et
452 1351 514 1418 hoc
536 1351 696 1438 inprimis:

104 1455 351 1525 Proveniebanc
365 1455 511 1522 oratores
535 1457 611 1524 novi
632 1457 724 1530 stulti
747 1457 1011 1523 adulescentulir‘

10 1563 38 1628 lt
73 1564 183 1650 igitur
210 1563 273 1628 iarn
301 1562 468 1628 mittamus
495 1562 703 1649 depravatam
736 1562 824 1629 illam
852 1563 1022 1645 lectionem
1042 1583 1132 1648 -quae

10 1667 126 1734 {aevio
148 1667 229 1732 duos
250 1667 355 1732 nescio
379 1687 459 1752 quos
481 1667 583 1733 libros
605 1667 763 1746 obtrudit,
791 1669 824 1734 in
851 1668 914 1734 hoc
942 1667 1020 1735 ludo
1048 1668 1132 1734 duae

10 1777 110 1839 artes
134 1776 168 1840 et
187 1772 389 1858 interrogant
411 1793 481 1837 sese
503 1774 537 1836 et
559 1773 755 1859 respondent
778 1774 852 1853 sibi3
881 1796 975 1842 scena
996 1797 1084 1852 vero,
1104 1775 1132 1840 si

9 1879 79 1962 prid
99 1877 204 1955 video,
228 1899 294 1943 non
315 1880 372 1970 cst*
385 1878 420 1944 in
440 1876 522 1942 urbe
542 1877 687 1965 Romal),
710 1879 756 1944 ibi
778 1880 862 1944 enim
885 1901 979 1945 nemo
1001 1879 1035 1944 id
1054 1881 1132 1946 tem-

9 1984 92 2048 roris
112 2005 269 2069 quaerere
290 1983 408 2069 potuit,
432 1982 487 2070 qui
510 1983 675 2048 amiserint
704 1987 773 2049 tam
803 1985 868 2050 cito
889 1982 1131 2071 rempublicam,

9 2089 52 2154 ed
75 2087 241 2156 Graecum
261 2087 322 2154 hoc
343 2091 568 2176 argumentum
591 2111 660 2154 esse
681 2090 819 2167 ¹videtur,
843 2111 1037 2175 quamquam
1054 2088 1132 2154 mul-
1216 2123 1220 2130 ·

9 2195 36 2258 is
59 2195 205 2274 fortasse
227 2194 330 2259 modis
351 2179 522 2280 quadravit
544 2194 659 2262 adres
681 2196 855 2272 Romanas,
879 2217 953 2260 narn
975 2217 1040 2260 non
1063 2195 1132 2259 sine

8 2322 114 2366 mussa
137 2303 315 2388 carpuntur
336 2299 387 2365 hio
409 2305 556 2368 oratores
577 2302 652 2366 novi
675 2301 768 2367 stulti
789 2301 1035 2378 adulescentuli,
1065 2300 1132 2387 qui·
1253 2385 1259 2394 .

8 2428 53 2470 us
79 2406 186 2474 verbis
207 2429 274 2472 non
294 2407 405 2494 potuit
426 2407 503 2492 quin
524 2406 666 2472 laederet
680 2407 803 2474 nobiles
818 2409 947 2474 iuvenes
963 2405 1131 2474 Cornelios

10 2510 218 2589 tMetellos3
241 2514 340 2596 atque
362 2510 440 2578 haec
461 2511 579 2588 fabula,
601 2513 628 2576 si
650 2533 733 2596 quae
754 2511 826 2590 alia,
851 2512 1026 2578 derivanda
1046 2513 1131 2578 vide

8 2637 52 2678 ur
82 2637 123 2680 cx
151 2620 259 2683 vetere
280 2615 467 2696 Atticorum
497 2616 664 2684 comoedia
693 2637 733 2680 ex
761 2638 825 2701 qua
849 2616 993 2682 Cratetis
1020 2615 1132 2681 fabula

8 2700 123 2784 εαιδιᾶί
144 2721 283 2788 fortasse
305 2724 530 2808 argumentum
559 2722 709 2808 praebuit
736 2722 783 2787 ita
805 2726 843 2786 ut
864 2743 923 2809 per
945 2720 1131 2809 allegoriam
1230 2729 1235 2736 '

8 2829 153 2914 angeret
182 2849 233 2892 res
259 2827 433 2899 Romanas.
478 2828 525 2892 Et
553 2831 691 2915 propter
718 2826 781 2894 hoc
809 2830 1036 2914 argumentum
1065 2849 1131 2894 non
1167 2880 1169 2886 s

8 2931 146 2998 idemur
174 2931 266 2998 nobis
294 2933 389 3000 nimis
417 2937 546 3000 aresta
574 2933 627 2999 via
654 2932 822 3010 aberrare,
853 2935 879 2998 ai
907 2935 1036 3020 tempus
1066 2954 1130 3017 quo

8 3057 71 3104 racc
94 3035 207 3104 tabula
228 3039 351 3126 scripta
372 3039 433 3115 sit‚'
448 3039 560 3103 mediis
582 3039 615 3104 in
637 3035 879 3105 controversiis
892 3039 1042 3126 ponimus
1064 3038 1130 3122 qui-

8 3161 54 3206 >us
83 3165 160 3209 curn
190 3143 389 3232 principibus
420 3143 558 3210 civitatis
585 3142 726 3210 Naevius
756 3142 972 3232 depugnabat.
1016 3141 1130 3209 Kluss-

8 3267 142 3326 nunnus,
178 3250 235 3334 qui
266 3271 339 3315 cum
372 3225 474 3314 satira
502 3247 669 3314 confundit
697 3248 839 3326 Ludnm,
873 3270 932 3314 nec
965 3248 1131 3335 perspexit

8 3349 173 3440 'regmenti
195 3356 424 3441 argumentum
446 3357 480 3430 et
506 3354 601 3421 nimis
633 3355 747 3420 leviter
768 3352 892 3420 Naevio
921 3354 1054 3418 satiram
1075 3354 1129 3420 tri-

8 3457 64 3522 ›uit
88 3479 186 3542 quam
209 3481 269 3524 nos
283 3459 391 3526 Ennio
413 3459 536 3525 damus.
574 3459 748 3527 Reicienda
770 3463 819 3525 est
840 3481 969 3546 quoque
984 3457 1130 3526 Teuffelii

8 3564 156 3628 cotentio
179 3586 242 3649 qua
264 3568 371 3631 censet
392 3563 504 3630 ludum
521 3587 590 3632 esse
605 3565 689 3630 idern
706 3587 744 3631 ac
758 3563 900 3631 fabulam
916 3587 1026 3650 quum,
1044 3565 1129 3628 teste
1205 3589 1212 3604 ·

8 3663 199 3746 iorcellmio,
222 3669 319 3734 ludus
338 3692 503 3756 nunquam
527 3670 685 3758 significet
712 3669 857 3736 fabulam
885 3670 948 3734 nisi
969 3668 1129 3755 expressis

8 3773 102 3840 orbis
125 3774 310 3861 opponatur
331 3776 400 3840 aliis
423 3776 507 3842 ludis
526 3776 622 3843 ludus
645 3777 797 3843 scenicus.

8 3885 233 3900 Ἢ-

66 3936 88 4000 2)
107 3933 172 3986 Cato
189 3936 226 3986 M.
248 3941 333 3997 ⁶1²0·
363 3963 397 3974 ·-
426 3937 571 4001 ²)teamtur
593 3938 644 3989 hcc
672 3937 799 4002 expressis
823 3936 907 3986 verbis
934 3933 1025 3986 Cicero
1050 3947 1129 3999 quum

8 4015 66 4071 licat
94 4023 182 4086 „qnod
200 4023 221 4073 ai
240 4024 327 4088 legere
351 4031 395 4076 aui
420 4025 508 4076 audire
532 4026 625 4076 voletis
649 4031 807 4084 externa,
830 4021 955 4073 maximae
973 4021 1129 4088 respublicae

8 4103 29 4156 u
46 4110 253 4162 adulescentibus
271 4110 440 4164 labefactatas
458 4128 475 4163 a
487 4113 589 4164 renibus
601 4119 754 4164 sustentatas
772 4111 911 4176 reperietis.
940 4111 1011 4162 cedo
1023 4111 1067 4174 qai
1079 4116 1128 4161 eie.
