2734 4610
573 1216 634 1306 oa
668 1213 815 1344 auaro
847 1215 1030 1308 Punico.-

1346 1487 1347 1509 ι

229 1499 429 1604 Plerumque
467 1521 500 1584 in
536 1520 635 1583 initiis
675 1522 782 1606 poesis
815 1544 925 1587 omnes
962 1523 1141 1610 principem
1175 1523 1271 1612 illum
1313 1515 1347 1608 qul

129 1712 133 1718 .
229 1623 354 1688 fontem
391 1625 569 1710 Pegaseum
603 1628 732 1710 aperuit
766 1631 963 1711 sequuntur,
999 1649 1138 1712 namque
1168 1631 1345 1717 componunt

232 1728 363 1793 eosdem
395 1751 506 1792 versus
535 1730 727 1815 easdemque
758 1733 936 1796 carminum
965 1732 1052 1819 leges
1080 1733 1140 1798 sibi
1168 1737 1345 1820 proponunt

230 1833 297 1898 Nec
319 1837 405 1899 certe
420 1835 515 1898 aliter
530 1835 655 1902 Romae
677 1838 834 1902 evenisset
857 1839 918 1902 nisi
934 1839 1095 1902 extitisset
1117 1839 1167 1903 vir
1189 1842 1247 1923 qui
1271 1859 1345 1924 quur

230 1939 344 2004 intime
378 1937 579 2005 Graecorum
615 1942 731 2006 studiis
762 1941 894 2008 inbutus
929 1947 1015 2008 esset
1031 1946 1154 2018 'tamen
1183 1944 1345 2010 Romanus

229 2044 393 2130 ingenium
409 2047 549 2111 servavit
571 2046 734 2131 integrum
751 2050 848 2130 atque
863 2048 1097 2133 incorruptum.
1136 2051 1254 2132 ltaque
1271 2071 1330 2134 quu

233 2151 346 2214 Livius
369 2151 502 2214 carmini
524 2151 614 2234 epico
637 2150 724 2212 viam
746 2151 926 2235 aperuisset
949 2152 1108 2215 vertenda·
1127 2151 1281 2239 Odyssea
1304 2151 1345 2219 Hc

232 2255 311 2318 meri
334 2256 367 2318 in
389 2254 532 2339 linguam
548 2254 718 2329 Latinam,
749 2255 862 2318 statim
884 2253 971 2318 aliud
993 2255 1201 2340 insequutum
1224 2263 1276 2323 est
1293 2279 1341 2343 epo

231 2375 295 2442 ¹quo
314 2369 404 2426 'non
423 2359 527 2422 solum
557 2357 803 2423 celebrabantur
831 2378 884 2424 res
917 2359 969 2424 illa
999 2364 1105 2426 aetate
1140 2385 1212 2428 cum
1242 2381 1340 2427 sumn

198 2482 201 2488 ’
233 2465 337 2546 gloria
360 2486 379 2540 a
401 2461 522 2548 populo
545 2463 694 2544 Romano
722 2467 834 2550 gestae
865 2465 922 2528 sed
953 2467 1049 2530 etiam
1072 2467 1276 2532 narrationes
1300 2466 1328 2529 ill

230 2567 394 2632 fabulosae
416 2568 662 2634 innectebantur
690 2591 772 2652 quae
802 2569 887 2634 circa
908 2570 998 2635 urbis
1022 2571 1177 2657 originem
1202 2573 1334 2655 tamqua

231 2675 314 2738 rami
328 2695 365 2736 ac
380 2672 457 2737 folia
472 2675 592 2740 circum
609 2673 733 2740 arboris
749 2675 884 2763 stirpem
901 2695 970 2738 sese
986 2674 1236 2760 applicaverant.
1275 2677 1333 2740 Lic

231 2777 397 2844 fabulosae
420 2778 494 2843 illae
521 2781 722 2844 narrationes
746 2801 864 2865 magna
887 2783 1044 2862 exparte
1067 2801 1086 2842 a
1109 2777 1244 2870 Graecis
1272 2779 1333 2843 scri

157 2880 162 2890 “
231 2881 358 2946 toribus
388 2887 480 2947 ortae
506 2887 644 2967 atquae
668 2881 805 2948 Graccis
832 2881 1026 2956 carminibus
1053 2883 1095 2947 ad
1124 2906 1175 2949 res
1205 2885 1331 2960 Roman

231 2987 368 3052 translat
354 2991 418 3108 'aa
429 2989 505 3063 sint,
480 2989 665 3106 tmultae·
671 2989 780 3050 tamen
795 2986 930 3072 longot
932 2989 1072 3074 emporis
1094 2990 1203 3075 spatio
1226 2989 1267 3052 ab
1291 2957 1347 3080 ipsi

231 3221 344 3264 omnes
374 3219 456 3261 unus
491 3201 588 3284 poeta
554 3195 747 3282 tcollegit
774 3198 915 3281 vivoque
942 3196 1048 3262 colore
1079 3201 1211 3261 ornatas
1245 3091 1347 3284 popul

232 3303 375 3368 ostendit
399 3303 634 3387 memoriaeque
657 3301 807 3378 tradidit,
831 3305 1023 3367 connectens
1046 3303 1182 3387 primam
1197 3302 1286 3367 urbis
1310 3281 1347 3366 orl

128 3472 133 3482 ,
232 3409 340 3496 ginem
364 3430 436 3472 cum
459 3430 587 3472 summo
610 3405 745 3472 virilitat
695 3408 773 3471 ttis
795 3406 885 3470 flore.

321 3511 386 3578 Gn.
408 3511 549 3578 Naevius
573 3513 628 3598 qui
649 3513 718 3599 ipse
739 3511 822 3582 bello
845 3510 969 3579 Punico
995 3512 1102 3597 primo
1125 3513 1285 3598 stipendia
1307 3507 1347 3574 md

232 3621 344 3684 ruerat
354 3620 394 3702 ¹),
418 3622 592 3704 postquam
616 3619 697 3682 mult
683 3622 733 3682 tas
760 3615 887 3680 fabulas
912 3614 1047 3693 Graeci,
1070 3617 1238 3682 nonnullas
1260 3614 1332 3682 Lat
1324 3621 1347 3676 ul

233 3725 416 3810 argument
406 3723 664 3800 idedit,tscnex
687 3721 771 3796 fere,
803 3742 897 3786 scena
920 3719 1049 3785 deserta
1070 3722 1103 3785 in
1125 3744 1273 3806 campum
1297 3737 1347 3805 pro

185 3845 187 3854 ¹
220 3828 323 3892 siluit
355 3831 390 3892 et
422 3851 474 3892 res
507 3827 600 3894 fortit
559 3832 636 3894 tter
670 3850 690 3891 a
722 3827 878 3893 Romanis
907 3830 1017 3912 gestas
1050 3825 1199 3891 laudibus
1233 3822 1347 3893 ornavit

306 4063 327 4125 ¹)
346 4061 431 4114 Varro
449 4075 490 4127 ap.
510 4059 576 4112 Gall.
596 4058 627 4110 N.
647 4059 680 4110 Δ.
704 4059 743 4120 1⁷,
762 4063 804 4120 21,
824 4063 865 4108 ⁴5.
