2734 4610
764 239 785 298 4

207 415 336 510 quoque
358 423 491 490 domum
512 425 546 488 in
567 423 639 490 istis
661 423 749 488 silvis
763 422 863 490 fuisse
878 425 956 490 dicit
970 425 1090 490 Festus
1101 427 1143 510 1)ε
1165 425 1353 514 ,Naevian

206 529 319 595 silvam
341 531 518 604 vocitatam
545 533 638 594 extra
660 527 776 593 urbem
798 529 840 594 ad
861 530 1031 594 miliarium
1055 533 1222 614 quartum,
1258 529 1353 616 quot

205 633 310 704 Naevi
332 634 498 700 cuiusdam
520 633 566 699 ibi
587 633 704 728 domus
726 631 839 710 fuerit,
869 632 965 719 quam
991 657 1123 700 nemora
1144 634 1271 700 Naevia
1300 637 1353 700 art

207 738 329 825 pellata
344 738 441 802 etiam
453 737 552 804 fuisse
564 735 700 805 Verrius
713 739 822 822 ait‘ffl)
844 738 980 805 Praeter
994 739 1084 804 illum
1095 761 1173 806 vero
1183 738 1353 806 Naevium

208 866 228 907 a
250 863 314 930 quo
341 863 478 906 nemora
503 842 590 908 dicta
617 846 710 919 sunt,
742 844 848 908 nullus
878 845 1105 936 nominatura
1129 845 1353 931 scriptoribus

205 947 359 1014 Romanis
382 967 485 1032 usque
515 947 557 1013 ad
578 952 728 1012 nostmm
755 951 886 1033 poetam
918 971 1016 1035 quum
1039 943 1118 1036 gens
1144 950 1212 1013 sine
1243 949 1353 1022 dubio

205 1051 329 1138 plebeia
352 1055 439 1116 esset
467 1073 571 1136 neque
593 1056 668 1117 ante
689 1050 773 1116 bella
794 1051 918 1118 Punica
943 1055 1063 1119 famam
1099 1054 1353 1140 adipisceretur.

205 1155 311 1222 Poeta
332 1177 411 1221 vero
433 1177 533 1240 quum
555 1155 684 1222 laudem
706 1155 766 1220 sibi
793 1158 947 1242 gentique
970 1158 1191 1241 acquisiverit,
1221 1159 1353 1224 multos

205 1260 284 1326 alios
299 1260 439 1327 Naevios
463 1264 731 1327 commemoratos
750 1260 908 1326 videmus.
954 1261 1119 1328 Probatur
1142 1262 1353 1348 aliquatenus

204 1365 418 1433 Klussmanni
440 1367 599 1432 sententia
614 1365 711 1430 etiam
734 1387 772 1430 eo
796 1368 883 1450 quod
906 1370 991 1430 anno
1014 1373 1077 1432 543
1101 1390 1184 1432 unus
1207 1391 1224 1433 e
1248 1375 1350 1455 gente

205 1454 328 1538 Naevia
357 1494 430 1537 eum
459 1471 554 1535 laude
582 1469 744 1556 stipendia
770 1473 888 1536 meruit
910 1472 944 1536 in
966 1471 1050 1537 bello
1080 1495 1153 1537 cum
1178 1471 1348 1560 Capuanis

205 1581 319 1664 gesto,
354 1579 387 1640 et
413 1576 536 1660 optime
564 1572 766 1660 intellegitur
794 1579 879 1641 ratio
906 1599 989 1661 quae
1016 1577 1101 1641 inter
1123 1576 1289 1650 Naevium
1322 1583 1347 1644 et

108 1692 110 1701 ⁴
205 1681 367 1766 principes
383 1679 523 1744 civitatis
539 1680 649 1744 extitit
671 1679 699 1744 si
721 1680 901 1749 inveterato
917 1680 1019 1768 plebis
1035 1681 1110 1744 odio
1132 1682 1165 1746 in
1186 1683 1353 1770 patricios.

204 1783 410 1850 incitabatur.
1050 1782 1053 1788 ’

293 1887 402 1954 Multa
425 1887 555 1972 quidem
578 1887 640 1952 alia
670 1887 768 1953 allata
791 1893 867 1954 sunt
890 1913 910 1954 a
932 1889 1084 1957 Schiittio
1107 1890 1224 1976 quibus
1249 1891 1343 1958 Cam·

148 1981 151 1988 ¹
193 1997 335 2080 ¹panum,
360 1992 462 2057 multa
478 2014 497 2056 a
512 1992 734 2062 Klussmanno
756 1991 871 2078 quibus
894 1995 1076 2062 Romanum
1097 1999 1228 2083 poetam
1244 1996 1344 2064 fuisse

205 2097 349 2162 evincere
365 2099 508 2190 student,
532 2099 589 2162 sed
605 2120 703 2182 quum
718 2099 938 2183 unusquisque
954 2101 1009 2183 qui
1024 2122 1135 2164 eorum
1151 2108 1344 2186 argumenta

205 2201 286 2287 legit
314 2203 421 2288 primo
449 2203 568 2268 obtutu
598 2203 707 2267 videat
730 2223 827 2286 quam
849 2201 956 2266 futilia
977 2205 1057 2280 sint,
1086 2203 1222 2272 molesto
1245 2205 1353 2273 onere

205 2327 309 2392 nugas
339 2306 503 2374 refutandi
531 2307 741 2392 supersedere
769 2305 887 2370 licebit.
933 2307 1016 2372 Rem
1045 2309 1147 2394 igitur
1173 2310 1206 2374 in
1234 2313 1344 2378 medio

204 2410 426 2494 relinquimus.

295 2515 358 2580 His
385 2514 543 2580 absolutis
577 2535 675 2598 quam
698 2513 885 2580 brevissime
911 2514 981 2580 fieri
1009 2519 1119 2603 potest
1145 2517 1258 2583 Naevii
1287 2543 1344 2585 res

206 2609 437 2696 enarrabimus,
462 2642 558 2704 quam
580 2641 649 2683 rem
671 2615 719 2684 ita
741 2620 863 2706 optime
885 2621 1053 2688 instituere
1069 2623 1146 2687 mihi
1166 2623 1278 2688 videor
1301 2627 1342 2688 ut

206 2726 348 2811 primum
365 2745 556 2809 quaeramus
572 2723 612 2787 de
634 2746 717 2789 anno
733 2746 798 2808 quo
813 2724 954 2790 Naevius
978 2731 1125 2794 mortuus
1149 2729 1201 2805 sit,
1225 2728 1340 2793 deinde

206 2852 271 2916 quo
293 2833 441 2916 tempore
460 2832 575 2896 natum
597 2849 670 2894 eum
694 2849 764 2893 esse
786 2829 978 2894 censendum
1002 2832 1054 2895 sit.

295 2931 410 2999 Cicero
422 2935 448 3017 3)
477 2933 648 2997 enimait:
686 2937 739 3016 „at
767 2933 819 2999 hio
849 2932 1016 3022 Cethegus
1044 2933 1167 3000 Consul
1198 2956 1269 2998 oum
1297 2937 1336 3000 P.

205 3038 369 3104 Tuditano
392 3037 455 3101 fuit
470 3036 552 3102 bello
568 3036 692 3103 Punico
715 3039 855 3104 secundo
877 3043 1092 3124 quaestorque
1114 3037 1163 3100 his
1185 3039 1334 3104 coss.·M.

207 3136 311 3220 Cato,
336 3141 434 3214 modo
457 3127 551 3229 plane
573 3143 663 3206 annis
690 3149 752 3208 140
768 3146 843 3207 ante
859 3167 909 3209 me
919 3143 1097 3226 consulem,
1121 3143 1154 3204 et
1175 3141 1209 3203 id
1231 3141 1334 3227 ipsum

205 3249 267 3312 nisi
289 3248 384 3312 unius
405 3249 491 3312 esset
507 3235 604 3311 Ennii
629 3247 815 3312 testimonio
838 3250 1003 3334 cognitum
1025 3247 1110 3310 huno
1131 3248 1275 3310 vetustas
1296 3252 1334 3313 ut

206 3353 285 3418 alios
307 3350 447 3416 fortasse
463 3351 582 3416 multos
598 3352 758 3417 oblivione
774 3351 945 3416 obruisset.
989 3351 1079 3416 lllius
1095 3354 1204 3414 autem
1220 3353 1331 3415 aetatis

206 3459 262 3541 qui
285 3477 389 3521 sermo
412 3454 510 3521 fuerit
532 3477 573 3519 ex
594 3454 766 3521 Naevianis
797 3455 926 3540 scriptis
947 3455 1089 3540 intellegi
1111 3458 1230 3541 potest
1271 3455 1330 3520 His

116 3646 121 3656 ‚
207 3563 291 3628 euim
315 3559 517 3637 oonsulibus,
541 3562 633 3626 utin
656 3559 818 3626 veteribus
841 3560 1076 3623 commentariis
1098 3561 1327 3648 scriptumest,

278 3756 297 3816 ¹)
316 3755 407 3805 Fertur
425 3771 449 3819 p.
473 3760 521 3804 169
533 3749 578 3805 Μ.
597 3782 630 3792 -
650 3755 672 3817 ¹)
691 3753 723 3804 ci.
743 3753 815 3808 Paul.
833 3755 901 3804 Festi
921 3769 945 3818 p.
969 3757 1016 3803 168
1029 3755 1066 3804 M.
1097 3755 1219 3804 Naevium
1235 3764 1326 3818 portam

206 3848 390 3892 commemorat
408 3841 495 3892 Livias
514 3848 538 3904 2,
560 3848 599 3892 11.
631 3841 682 3893 Jul.
702 3842 852 3905 Obseqnons
869 3847 924 3891 104.
955 3842 1073 3892 Fortasse
1092 3857 1108 3890 a
1125 3841 1265 3890 nemoribus
1280 3841 1325 3890 illis

206 3938 291 3982 ortum
308 3936 348 3980 eet
364 3931 447 3994 pirum
465 3929 624 3980 Naeviannm
648 3931 733 3994 quode
750 3928 783 3980 of.
804 3927 896 3980 Colum
915 3934 939 3989 5,
963 3934 1008 3995 ¹⁰3
1029 3930 1069 3988 12,
1092 3933 1137 3995 ¹⁰3
1169 3927 1235 3978 Cels.
1247 3933 1269 3988 t,
1286 3933 1323 3976 24.

205 4014 298 4068 Utrum
320 4032 402 4082 augur
425 4019 503 4068 Attus
521 4016 608 4068 Naana
634 4030 692 4067 eum
709 4015 821 4067 Naevius
845 4016 989 4067 cohaereat
997 4015 1120 4066 incertum
1143 4021 1189 4068 ert.
1210 4041 1239 4050 -
1258 4013 1277 4076 ⁸)
1293 4014 1322 4064 el.

207 4103 261 4155 cie.
280 4105 352 4155 Brut.
376 4111 415 4168 15,
436 4111 477 4156 60.
