2712 4630
492 215 494 228 '
544 219 600 278 53-

75 405 257 471 Postremo
278 403 374 470 huius
396 404 575 491 prohoemii
596 405 668 471 loco
690 429 794 494 pauca
823 407 969 471 addenda
990 411 1066 472 sunt
1089 407 1130 474 de

6 509 231 576 [aevianarum
265 508 448 574 fabularum
484 512 724 577 constructione
761 515 859 597 atque
888 520 1050 589 sermore,
1087 512 1130 578 ds

6 615 119 680 rdiciis
141 637 239 701 super
260 611 383 679 Naevio
406 614 555 700 prolatis,
578 615 620 680 de
640 617 824 683 fabularum
844 617 990 684 historia.

78 721 195 804 Atque
206 721 347 806 primum
362 720 492 803 quidem
508 719 778 805 Klussmannus1)
793 723 959 788 contendit
972 721 1130 790 Naevium

6 828 79 890 otas
103 825 251 911 trilogiae
274 825 422 900 vertisse,
442 825 595 912 Aeschyli
616 827 806 913 Lycurgum
828 831 862 892 st
882 827 1131 914 Astydarnantis

6 929 172 995 lectorem
200 933 373 1017 propterea
402 930 490 1014 quod
514 931 547 994 in
573 929 671 996 Nonii
699 931 789 996 libris
818 933 945 1018 legatur
974 930 1131 1012 „Naevius
1223 1017 1224 1023 ἵ

6 1057 150 1122 sycurgo
172 1035 216 1100 lib
239 1036 295 1099 11⁶⁶
311 1039 345 1100 et
366 1035 453 1122 apud
468 1035 669 1100 Priscianum
693 1035 854 1113 „Naevius
869 1040 902 1102 in
918 1038 971 1102 llI
986 1035 1132 1104 Hectore

6 1140 240 1206 rroliciscente“
269 1162 335 1224 qua
362 1163 398 1205 re
425 1141 520 1204 simul
547 1163 693 1205 caussam
723 1142 783 1208 sibi
816 1143 948 1208 videtur
977 1141 1133 1228 reperisse

6 1267 54 1308 eur
77 1248 130 1310 tot
151 1244 334 1331 fragmenta
355 1268 373 1310 e
392 1244 506 1310 Naevii
521 1246 677 1330 Lycurgo
698 1245 879 1324 laudentur,
903 1248 1022 1332 quippe
1045 1245 1133 1332 quod

6 1371 73 1414 racc
96 1353 164 1414 tres
186 1349 316 1442 fabulas
334 1350 538 1416 continuerit.
583 1350 741 1416 Attamen
768 1350 1025 1438 fragmentorum
1055 1351 1133 1415 mul-

6 1455 170 1520 itudinem
197 1453 275 1519 nihil
297 1456 330 1520 in
352 1454 412 1520 hac
441 1475 477 1518 re
504 1453 631 1520 efficere
658 1457 734 1522 inde
760 1457 824 1520 iam
853 1455 1013 1532 videmus4
1044 1457 1133 1540 quod

6 1583 35 1624 rx
66 1559 214 1626 Hectore
242 1560 346 1624 multo
377 1560 481 1624 minor
509 1559 768 1646 fragmentorum
796 1570 956 1626 numerus
971 1559 1064 1625 nobis
1085 1583 1133 1626 re·

6 1665 91 1730 ictus
115 1667 159 1729 sit
180 1687 277 1750 quam
299 1687 317 1730 c
338 1665 452 1730 Danae
475 1666 564 1730 cuins
587 1667 854 1752 compositionem
882 1666 1064 1753 trilogicam
1092 1689 1133 1732 ne

6 1769 238 1835 Klussmannus
270 1770 399 1854 quidem
436 1771 627 1855 suspicatur.
698 1770 847 1856 Namque
877 1772 911 1835 in
951 1771 1002 1836 his
1036 1772 1134 1838 rebus

6 1877 138 1940 maxime
159 1875 246 1940 valet
267 1875 399 1940 fortuna
414 1885 521 1960 'quum
551 1876 757 1961 grammatici
786 1898 906 1949 earum(
927 1873 1133 1962 potissimum

6 1979 179 2044 tabularum
201 1981 385 2067 fragmenta
408 1981 567 2047 servarint
589 2001 668 2064 quas
690 1980 753 2066 ipsi
775 2003 855 2066 prae
875 1982 990 2044 ceteris
1013 1985 1071 2046 aut
1092 1981 1134 2046 le

6 2089 114 2170 gerant
136 2090 194 2150 aut
216 2085 455 2153 adamaverunt.
465 2088 491 2171 2)
524 2083 579 2150 Sic
593 2085 729 2150 Danaen
745 2088 779 2151 et
793 2087 982 2174 Lycurgum
998 2084 1133 2164 Nonius,

6 2189 213 2274 Corollariam
237 2196 269 2257 et
291 2191 498 2256 Terentillam
523 2187 690 2256 Charisius
723 2214 780 2257 seu
809 2191 935 2278 potine,
965 2213 1060 2274 quem
1089 2212 1135 2256 se

6 2295 119 2378 quitur,
142 2296 250 2363 Julius
273 2297 449 2372 Romanus,
473 2295 526 2360 alii
542 2296 619 2362 alias
635 2295 761 2361 fabulas
777 2297 881 2384 primo
897 2295 969 2360 loco
984 2294 1135 2362 habuisse

7 2399 156 2467 ridentur.
203 2400 270 2466 Sed
291 2403 491 2488 inquiramus
514 2403 546 2466 in
568 2403 657 2488 ipsos
683 2401 770 2468 locos
793 2400 909 2486 quibus
932 2400 1060 2467 fabulae
1080 2423 1135 2467 no-

7 2506 77 2570 mini
96 2493 249 2572 numerus
272 2505 402 2572 additus
424 2528 495 2594 esse
526 2507 665 2571 videtur.
709 2507 800 2572 Loco
830 2508 914 2572 enim
947 2504 1097 2571 Noniano
1109 2511 1136 2592 ³)

7 2613 118 2696 egitur
140 2613 201 2676 sio:
724 2629 726 2632 ’

91 2717 201 2793 „Arva
226 2719 332 2782 neutri
354 2721 429 2782 sunt
459 2718 594 2804 generis.
640 2715 805 2782 Feminino
834 2714 956 2780 Nerius
978 2715 1134 2802 Lycurgo

8 2818 57 2883 ub.
80 2821 132 2884 ll:
156 2843 279 2906 quaque
302 2822 454 2888 incedunt
477 2823 580 2888 omnis
603 2843 697 2886 arvae
720 2823 908 2907 opterunt.“
1045 2809 1047 2815 ⁵

87 2927 128 2990 ad
150 2949 246 3012 quem
262 2927 416 2992 Hertzins
438 2929 502 2992 iam
529 2927 713 3002 adnotavit,
737 2925 878 2991 aNonio'
900 2926 996 2992 vicies
1018 2929 1135 3011 quater

8 3027 111 3096 Naevii
133 3033 324 3119 Lycurgum
356 3033 464 3109 citam,
495 3033 583 3098 nulla
611 3033 736 3097 numeri
764 3035 843 3097 nota
872 3031 1000 3106 addita,
1032 3052 1134 3122 querc

8 3129 169 3202 verisimile
192 3159 262 3202 esse
289 3139 414 3214 censet,
445 3136 496 3202 hic
526 3159 655 3223 quoque
682 3136 871 3224 simpliciter
900 3136 992 3200 citari
1021 3134 1135 3201 Naevii

8 3239 187 3330 Lycurgum
216 3242 434 3326 utendumque
464 3263 532 3308 esse
560 3241 701 3308 Meroeri
734 3241 896 3306 leuissima
927 3240 1052 3306 medela
1075 3241 1131 3326 qui

9 3345 64 3418 „lib
93 3348 128 3411 ll
158 3349 264 3411 mutat
292 3350 325 3413 in
356 3347 492 3423 „liberi‘
522 3342 619 3431 idque
641 3345 834 3414 vocabulum
864 3367 937 3410 cum
960 3345 1136 3434 fragmenti

9 3451 106 3516 verbis
129 3452 305 3540 coniungit.
663 3437 668 3447 ἱ

89 3556 201 3642 Atque
230 3559 379 3644 profecto
407 3553 477 3622 aliis
511 3578 640 3642 quoque
676 3555 855 3622 rationibus
889 3557 1046 3622 evincitur
1082 3553 1135 3619 hio

9 3661 174 3748 „Lycurgo
194 3662 240 3726 lib
262 3663 328 3748 ΙΙ“Ι
341 3663 405 3752 legi
426 3686 490 3728 non
513 3684 618 3750 posse.
662 3661 816 3748 Aeschyli
838 3663 921 3728 enim
943 3662 1134 3746 Lycurgcae
1192 3721 1195 3728 .

10 3764 102 3831 altera
129 3766 239 3832 fabula
265 3767 452 3833 Bassaridas
483 3767 631 3845 fuerunt3
666 3767 722 3832 ubi
751 3771 859 3833 antem
888 3767 922 3830 iu
952 3770 1022 3831 tota
1048 3764 1133 3829 illius

10 3871 156 3958 temporis
177 3874 268 3959 poesi
290 3874 430 3939 inveniet
453 3873 691 3939 Klussmannus
721 3872 817 3937 aliam
842 3870 988 3936 fabulam
1016 3892 1036 3934 a
1061 3891 1135 3957 poe-

10 4019 46 4034 ¹—

72 4104 91 4164 ¹)
109 4117 134 4168 p.
157 4108 213 4154 roa.
235 4129 266 4140 -
287 4102 309 4163 ²)
328 4103 360 4154 cr.
380 4103 467 4154 uem.
486 4117 509 4168 p.
530 4107 588 4152 rao.
609 4127 641 4140 -
661 4103 682 4164 ⁸)
702 4099 733 4151 ef.
754 4100 819 4153 uon.
839 4116 862 4167 p.
886 4106 941 4151 rsa.
961 4100 997 4150 u.
