2712 4630
543 173 586 234 83

11 387 68 432 nus
105 365 136 430 si
169 363 211 430 ad
244 361 516 428 accuratissimam
548 326 726 428 Weiehati
757 361 1008 450 disputationem
1038 363 1134 454 plura

11 471 202 538 dderemus.
338 514 344 527 ·

323 645 458 730 xxv.
517 645 816 732 nummu.
916 607 918 614 ’

65 787 100 838 el.
123 785 246 836 Ribbeck.
267 775 332 836 eom.
353 785 396 835 rel.
416 800 441 850 p.
464 791 493 836 15
515 782 708 852 „Nervularialfl

68 889 214 976 *Nonius
227 888 270 977 1):
294 869 502 965 „Praeeisum
526 890 560 954 et
581 911 737 967 omasum,
760 892 870 976 partes
893 889 996 956 earnis
1019 891 1053 955 et
1074 890 1135 956 vis-

11 981 127 1060 urum}
144 1071 146 1083 Ι
164 993 307 1082 Naeuius
328 991 493 1058 Erularia:

106 1099 287 1188 praecisum
309 1120 456 1164 omasum
478 1119 611 1185 pernam
633 1099 731 1165 callus
752 1098 841 1187 glisis
861 1099 997 1188 glandia.

11 1205 173 1272 dditiones
194 1204 246 1269 hie
268 1204 344 1270 ante
358 1205 543 1271 Mercerum
565 1204 715 1291 legebant
731 1205 952 1284 „Aulularia“‚
975 1229 1135 1277 manuscr.

11 1309 109 1376 daud.
134 1309 232 1397 legit:
266 1308 663 1388 „NaeviusvHerulariaffi
687 1333 745 1375 ms.
768 1312 858 1376 lun:
886 1312 1032 1390 „Ennius
1054 1312 1136 1378 Eru-

12 1416 112 1480 aria“.
150 1413 380 1499 Riuoheliusr)
402 1413 520 1502 probat
541 1414 775 1493 ‚,Nervolaria“
795 1415 848 1484 bic
873 1439 944 1482 esse
965 1417 1136 1505 legendum

11 1543 102 1604 [uum
126 1521 214 1606 apud
229 1518 370 1588 Gellium
385 1522 419 1586 et
429 1520 612 1587 Varronem
633 1522 718 1614 idem
740 1543 858 1588 nomen
880 1523 991 1590 eadem
1011 1524 1136 1590 ratione

11 1629 195 1712 torruptum
217 1627 268 1692 sit.
297 1626 398 1714 Apud
418 1624 559 1694 Gellium
571 1627 597 1714 ⁸)
619 1629 703 1694 enim
725 1605 800 1694 libri
821 1628 856 1694 et
878 1628 1137 1730 „nervuluriaffl

12 1788 115 1870 egunt
135 1787 169 1850 et
183 1730 441 1861 ,‚dsrvulariam“
457 1806 555 1872 supra
569 1809 591 1848 n
607 1786 827 1874 suprascripta
848 1785 869 1850 la
883 1785 986 1864 litera,
1002 1791 1035 1853 et
1049 1787 1137 1875 apud

11 1887 213 1972 varronem)
227 1888 301 1954 libri
317 1889 469 1955 exhibent
480 1889 728 1967 „intervolaria“
743 1894 777 1955 et
792 1891 846 1968 „in
862 1891 1049 1957 ervolaria“.
1072 1893 1136 1960 lta
1195 1940 1198 1951 -

11 2014 68 2076 que
88 2017 145 2060 nos
170 2017 297 2080 quoque
311 1993 448 2088 legimus
465 1995 687 2071 ‚‚nervolaria“
701 1996 892 2083 praesertim
908 2018 1007 2082 quum
1022 1997 1136 2075 „heru-

11 2099 105 2165 laria“
127 2099 239 2166 fabula
259 2107 424 2184 nusquam
442 2099 519 2164 alias
535 2101 685 2168 laudetur
699 2123 757 2167 nee
772 2101 895 2167 laudari
910 2103 1023 2191 possit,
1046 2102 1136 2169 fabu-
1211 2133 1214 2144 ¹

11 2203 107 2270 larum
131 2206 216 2270 enim
237 2206 366 2270 nomina
388 2228 471 2291 quae
491 2207 524 2270 in
547 2208 657 2284 „aria“
679 2207 1026 2295 formantur‚'semper
1048 2231 1069 2273 a
1089 2229 1136 2275 ra-

11 2307 75 2390 bus,
98 2333 262 2397 nunquam
285 2333 362 2377 vsro
385 2336 404 2375 a
425 2313 570 2398 personis
593 2313 790 2378 derivantur.
836 2311 872 2379 Si
894 2336 971 2379 vero
999 2312 1135 2402 legimus

12 2417 228 2492 .,nervolaria“
251 2417 381 2482 minime
410 2417 595 2482 dubitamus
617 2419 694 2503 quin
717 2441 790 2484 eum
812 2418 990 2485 Ritsehelio
1015 2419 1136 2490 Plauto

12 2521 70 2587 boc
91 2521 309 2610 fragmentum
331 2522 522 2600 tribuamus,
546 2524 636 2589 cuius
659 2522 837 2589 nervolaria
859 2525 1011 2589 laudatur
1025 2526 1136 2593 aVar-

12 2628 127 2693 rouel.
149 2629 181 2706 l.‚
206 2653 225 2694 a
246 2627 354 2694 Nonio
378 2652 403 2694 s.
427 2653 456 2698 v.
479 2630 626 2694 insanum
649 2631 683 2694 et
704 2631 820 2714 quater
845 2650 865 2692 a
886 2627 1004 2707 Fest03
1038 2630 1135 2715 idque

12 2753 42 2797 so
71 2732 223 2798 libentius
250 2733 384 2800 facimus
412 2734 500 2820 quod
520 2733 646 2799 Nonius
674 2755 769 2820 saepe
795 2733 938 2799 omnium
965 2738 1136 2822 poetarum

12 2841 139 2903 uomina
162 2837 328 2912 confundit
350 2843 382 2906 st
404 2841 517 2905 nostro
538 2838 610 2905 loco
632 2839 694 2928 ipsi
723 2838 797 2904 libri
818 2837 958 2906 Noniani
978 2839 1136 2928 fluctuant

12 2943 89 3010 luter
111 2943 225 3010 Naevii
248 2948 282 3010 et
302 2944 399 3012 Ennii
420 2946 559 3011 nomina.
582 2931 584 2936 ’
639 3033 642 3041 ¹

243 3125 246 3132 ’
334 3141 488 3227 xxvi.
550 3091 804 3227 uramus.

78 3278 110 3330 el.
130 3279 253 3329 Ribbeck.
273 3294 337 3330 eom.
356 3281 401 3331 rel.
421 3297 445 3346 p.
467 3287 506 3331 12.

94 3398 237 3466 Unicum
259 3399 443 3466 Naevianae
464 3399 573 3487 Figuli
594 3399 814 3488 fragmentum
837 3402 928 3466 extat
951 3400 1038 3488 apud
1053 3398 1136 3468 Cha·

13 3505 120 3568 risium
129 3504 165 3592 ⁵).
202 3505 242 3570 ln
265 3502 400 3572 Graecis
421 3504 538 3571 fabulis
561 3507 643 3571 duas
671 3506 875 3572 inveniuntur
896 3527 975 3591 quas
996 3505 1135 3572 Naevius

13 3611 188 3697 exprimere
215 3611 333 3697 potuit,
358 3609 555 3696 aapnnlddoc
577 3609 793 3698 Authipbanis
823 3614 856 3676 et
884 3608 1137 3692 ἔκπωματοποιός

13 3715 164 3793 Alexidis,
191 3737 328 3801 quorum
358 3715 498 3782 fortasse
526 3715 612 3783 hunc
640 3740 736 3802 quem
766 3717 953 3805 plerumque
982 3715 1136 3801 sequutus

15 3823 70 3898 eet,
93 3820 154 3886 hau
176 3842 304 3907 quoque
325 3822 357 3886 in
378 3820 490 3888 fabula
511 3821 692 3910 exemplum
714 3821 838 3888 habuit.
940 3895 951 3920 Ι,

82 3982 102 4044 ¹)
120 3996 145 4046 p.
167 3987 212 4033 151
234 3961 272 4033 u‘
289 4007 326 4018 -
343 3981 364 4046 ¹)
382 3981 440 4032 Par.
459 3997 484 4048 p.
504 3987 545 4032 aa.
562 4009 592 4019 -
613 3984 634 4046 ⁸)
651 3981 683 4034 u.
702 3983 736 4034 A.
755 3989 780 4045 a,
799 3989 867 4035 a-
885 3981 908 4044 ⁴)
927 3981 959 4034 de
979 3982 994 4032 1.
1014 3982 1030 4034 1.
1051 3983 1074 4046 ⁷,
1094 3987 1134 4040 ss.

16 4065 35 4130 ⁸)
51 4083 74 4132 p.
96 4073 147 4119 208
165 4071 197 4120 K.
