2712 4630
407 229 583 291 ἰιι

4 425 85 486 isse
99 417 302 485 Alimonium
323 415 418 484 Remi
440 421 476 484 et
489 418 629 495 Romuli,
652 420 821 505 postremo
842 418 988 484 homines
1009 419 1131 487 dixisse

30 525 100 591 illa
128 523 241 590 fabula
262 523 340 588 dum
364 525 518 610 ageretur
538 523 651 610 lupum
673 523 872 610 apparuisse.
917 521 1028 604 Quum
1049 547 1130 594 vero

4 631 108 698 ferat
123 630 273 712 Festusl)
288 627 448 695 Naevium
463 629 621 716 „lupnm“
633 625 778 695 fabulam
794 629 968 716 scripsisse,
983 629 1062 694 nihil
1078 633 1129 696 est

4 736 192 802 irisimilius
220 755 317 820 quam
343 734 378 798 in
404 734 503 822 Lupo
531 733 642 800 fabula
670 735 858 822 apparuisse
886 734 999 822 lupum
1029 740 1130 822 atque

5 843 56 907 de
83 845 196 907 ortum
219 859 289 904 esse
311 838 429 924 „lupus
450 839 484 902 in
505 838 639 904 fabula“
660 839 877 925 proverbium.
907 841 1020 924 Atqui,
1043 845 1129 908 teste

4 950 132 1022 ‘onato‚
156 946 190 1010 in
205 943 370 1010 Alimonio
384 943 510 1010 venisse
531 944 645 1030 lupum
661 943 807 1010 homines
821 949 1003 1012 narrarunt.
1033 946 1128 1033 Ergo

4 1055 29 1115 tt
67 1047 332 1115 verisimillimum
365 1050 498 1114 eandem
531 1048 675 1114 fabulam
703 1045 901 1116 Alimonium
931 1053 966 1116 et
994 1051 1128 1139 Lupum

4 1158 90 1222 risse
114 1154 317 1242 appellatam.
363 1153 473 1233 Quam
495 1175 564 1220 rem
587 1153 666 1220 mihi
687 1153 799 1220 videor
819 1154 950 1222 firmare
969 1161 1128 1242 quantum

4 1263 10 1326 l
51 1260 125 1325 fieri
157 1262 269 1348 potest
301 1259 335 1323 in
367 1279 404 1324 re
437 1262 506 1324 tam
539 1258 677 1325 obseura
708 1257 894 1344 fragmento
926 1260 999 1347 ipso
1027 1263 1126 1349 Lupi.
1244 1332 1246 1336 ,

4 1366 138 1450 'amque
159 1365 359 1432 Alimonium
387 1367 476 1430 certe
505 1387 571 1431 non
600 1364 704 1430 solum
722 1383 842 1451 *saeuas
863 1363 1019 1450 quasdam
1043 1387 1127 1432 eom-

4 1470 190 1538 lectebatur
220 1485 261 1536 ex
287 1467 424 1535 infantia
445 1469 539 1536 Remi
568 1473 602 1536 et
624 1466 755 1535 Romuli
781 1471 902 1556 petitas
934 1470 991 1536 sed
1017 1471 1127 1536 totum

4 1577 131 1643 imonii
159 1576 300 1663 spatium
330 1575 433 1640 donee
461 1575 556 1662 pueri
577 1574 696 1641 Albam
719 1575 858 1662 benigne
879 1563 1154 1662 recipiebanturj.

4 1683 19 1747 l
44 1684 158 1770 ipsum
180 1703 257 1747 vero
279 1702 320 1747 ex
341 1680 422 1747 Fest
422 1679 470 1764 il)
490 1680 598 1747 verbis
619 1680 772 1768 intellego
794 1681 850 1765 qui
876 1680 956 1782 hsec
977 1679 1126 1748 exhibet:

4 1787 207 1854 Redhostire
235 1785 356 1852 referre
383 1788 460 1873 grat
461 1786 535 1850 iam.
578 1784 742 1852 Navius
731 1807 767 1853 ιιι
788 1786 903 1890 Lupo:
936 1786 986 1853 vel
1018 1788 1129 1853 veiens

4 1915 97 1979 egem
120 1892 243 1958 saltant
264 1891 359 1958 iubas
378 1889 542 1957 Albanum
572 1875 707 1956 mulium
737 1884 888 1956 comitem
916 1911 1023 1958 senem
1047 1893 1126 1979 sapi

4 2003 105 2076 ntem,
128 2001 245 2064 eontra
267 1995 430 2064 redhostis
452 1995 637 2066 Menalus“

74 2139 115 2203 ln
138 2137 288 2203 sanandis
318 2136 570 2223 corruptissimis
604 2135 654 2201 his
688 2133 796 2201 verbis
826 2136 920 2214 multi
948 2137 1010 2202 viri
1038 2137 1128 2202 docti

4 2243 197 2309 laborarunt
227 2264 366 2326 quorum
396 2239 598 2308 coniecturas
621 2227 733 2307 omdes
756 2239 870 2306 afferre
892 2241 971 2307 nihil
994 2240 1128 2306 adrem
1184 2239 1189 2254 '

5 2349 85 2426 slot,
121 2347 331 2414 subaudimus
359 2368 437 2413 vero
469 2345 646 2413 Romulum
679 2345 798 2413 Albam
820 2347 940 2415 venire.
979 2335 1129 2414 Weloke-

5 2477 37 2518 rs
50 2457 77 2540 ³)
99 2457 211 2520 censet
232 2452 431 2516 Alimonium
453 2450 586 2536 eandem
609 2449 752 2517 fabulam
782 2469 852 2520 esse
881 2455 980 2538 atque
1007 2452 1130 2520 Romu-

5 2582 49 2624 un
94 2581 179 2643 quae
218 2555 267 2622 bis
308 2557 428 2622 citatur
470 2579 489 2622 a
521 2555 686 2644 Varrpne3
726 2555 838 2620 eadem
880 2560 930 2621 est
969 2558 1129 2624 sententia
1212 2569 1222 2580 “

6 2655 156 2729 ‚ibbeokii
190 2663 243 2747 qui
259 2663 357 2748 ¹inter
384 2663 573 2749 praetextas
586 2663 614 2746 ⁴)
638 2660 762 2747 'recipit
788 2657 902 2726 Naevii
928 2657 1127 2737 „Romulum

6 2790 55 2833 ,ve
77 2757 274 2832 Alim'onium
295 2765 429 2833 Romuli
458 2769 493 2833 et
517 2765 644 2842 Remi“,
675 2765 753 2850 quin
779 2763 979 2831 Ribbeakius
992 2767 1017 2848 5)
1048 2764 1128 2832 dioit

6 2873 128 2960 Lupus
150 2873 177 2937 si
197 2871 365 2938 Naeviana
385 2870 496 2937 fabula
519 2875 568 2936 est
589 2871 643 2937 vix
666 2870 788 2959 poterit
810 2870 922 2937 differe
944 2894 965 2935 a
978 2869 1128 2937 ¹Romulo

7 3001 82 3044 nam
106 2978 190 3042 inter
211 2979 399 3064 praetextas
421 2975 568 3042 rettuli.“
614 2973 681 3042 Sed
709 2977 858 3060 equidem
886 2969 984 3042 nolim
1007 2976 1128 3043 Romu-

7 3107 48 3148 1m
72 3081 272 3149 confundere
299 3104 373 3149 eum
395 3081 559 3148 Alimonio
581 3079 677 3146 Remi
699 3084 732 3145 et
754 3080 901 3158 Romuli,
932 3101 1071 3164 namque
1100 3081 1129 3145 si

8 3190 75 3256 ravi
97 3188 230 3254 nomine
243 3187 443 3262 Alimpnium
465 3186 560 3252 Remi
581 3177 760 3252 etRomuli
783 3184 947 3272 appellare
972 3185 1145 3252 voluisset

8 3293 95 3359 'arro
111 3295 203 3358 uerte
219 3294 275 3357 aut
296 3292 527 3369 ,‚alimonium“
551 3291 687 3356 dixisset
707 3292 767 3356 aut
788 3291 934 3368 „Remus
956 3293 990 3356 st
1007 3289 1129 3358 Romu-

8 3409 69 3476 1s“,
94 3398 129 3462 ni
151 3395 240 3462 forts
261 3397 364 3462 eredis
386 3395 570 3464 Varronem
596 3395 730 3461 laudsre
749 3415 866 3462 nomen
895 3394 971 3461 huia
999 3393 1129 3462 fabulae

9 3508 101 3570 ostes
123 3502 263 3567 inditum
295 3501 384 3567 aut
374 3521 550 3586 ingenuum
578 3499 707 3567 fabulae
733 3522 852 3566 nomen
874 3499 1005 3577 fuisse,
1007 3500 1126 3578 ‚elimo

9 3609 75 3674 lum
98 3607 191 3674 Remi
215 3601 249 3672 st
270 3605 449 3672 Romuli
423 3626 491 3671 sive
511 3604 692 3670 Romulus“
716 3627 800 3691 quae
820 3605 953 3671 nomina
974 3605 1019 3671 sie
1041 3625 1126 3670 oom-

9 3715 63 3780 0ni
86 3735 151 3780 non
173 3734 270 3801 posse
293 3733 403 3780 omnes
425 3711 546 3778 videat.

58 4017 81 4075 ¹)
98 4027 126 4078 p.
144 4015 196 4064 sto
214 4014 252 4068 Μ.
271 4039 306 4052 -
332 4011 398 4078 ⁹)p.
418 4015 470 4062 270
488 4010 525 4064 Μ.
554 4033 588 4048 -
614 4011 681 4077 Ἧι.
702 4013 770 4062 1870
795 4008 829 4062 uf.
853 4007 951 4074 Haupt.
969 4009 997 4061 ln
1016 4007 1082 4061 Phil.
1101 4009 1124 4062 1.

11 4115 28 4162 p.
48 4103 111 4152 3⁷⁴.
139 4127 169 4138 -
197 4102 220 4164 4)
237 4109 304 4165 trag.
322 4100 369 4153 rel.
388 4115 414 4166 p.
434 4103 495 4152 att.
515 4099 550 4136 -'
566 4097 590 4162 ὅ)
608 4095 681 4151 Οοιιι.
700 4098 746 4150 rsl.
769 4112 797 4164 p.
818 4102 859 4150 1⁴.
