2712 4630
552 189 592 262 ⁷²1

6 391 69 458 lH.
123 389 179 458 Eo
201 389 304 476 magis
326 389 477 456 reicimus
498 383 616 456 noman
637 391 729 456 cuius
743 387 1008 476 significationem
1023 383 1137 494 Kluss

6 517 136 562 rannus
156 517 198 562 ne
218 496 288 582 ipse
310 493 439 578 quidem
461 495 638 582 perspexit.
683 494 785 561 Plura
800 494 842 560 de
856 493 917 560 hac
931 515 967 559 re
981 494 1137 562 addemus

6 602 83 668 ide
111 598 318 666 Commotria
340 599 493 666 dicemus
1085 625 1088 628 ·

197 807 370 888 ΧΙΠ.
427 791 942 894 onasnmmnu.
1092 847 1094 859 ·
1144 865 1146 878 .

67 965 104 1016 ci.
121 965 239 1018 Ribbeck
264 973 329 1032 trag.
347 967 393 1022 rel.
410 983 436 1032 p.
455 973 505 1018 235
524 983 550 1034 p.
568 973 627 1019 348.

92 1101 200 1170 Varro
211 1105 277 1188 ¹)e
304 1102 420 1180 Naevii
447 1101 607 1170 Clastidio
640 1125 752 1172 vocem
785 1105 1001 1188 „vitulmtes‘s
1033 1106 1139 1186 affert,
1204 1124 1218 1146 a
1349 1089 1350 1152 l

6 1205 180 1292 demquc²)
199 1229 329 1274 versum
350 1208 436 1276 hunc
457 1232 475 1276 e
496 1208 611 1277 Naevii
634 1207 792 1283 Clastidio
815 1210 941 1278 laudat:
1043 1250 1048 1258 ‚

160 1312 261 1390 „vita
281 1314 442 1402 insepulta
463 1315 568 1383 laetus
588 1316 622 1380 in
644 1315 785 1402 patriam
807 1314 943 1380 redux.“

85 1416 176 1482 Hinc
208 1423 332 1493 certum
363 1423 431 1502 est,
465 1441 486 1484 a
512 1419 638 1486 Naevio
666 1417 867 1486 Clastidium
890 1419 1035 1486 fabrdam
1068 1441 1139 1488 esse

6 1523 175 1610 icriptam3
198 1523 255 1588 sed
277 1524 354 1614 sine,
368 1523 467 1592 dubio
490 1521 686 1590 Clastidium
707 1548 773 1591 non
797 1523 985 1600 Clastidius,
1014 1527 1053 1590 ut
1074 1546 1139 1590 cre

6 1625 81 1692 lidit
97 1627 269 1706 Miillerus,
291 1627 479 1697 vocabatur.
522 1628 738 1696 Neukirchius
748 1633 774 1715 3)
787 1630 871 1718 hanc
885 1630 1023 1716 primam
1038 1628 1139 1696 fuisse

6 1733 152 1818 togatam
174 1731 389 1816 tabernariam
412 1737 530 1810 censet,
554 1735 606 1800 cui
624 1755 821 1820 quamquam
840 1737 903 1802 iam
916 1733 1140 1821 welakeruse)

6 1835 199 1922 ibloquutus
222 1842 285 1914 est,
313 1839 393 1904 adeo
417 1838 554 1904 credidit
575 1838 815 1906 Klussmannus
838 1843 876 1904 ut
896 1839 948 1906 vel
970 1861 1140 1926 argumeu·
1243 1835 1244 1842 ἵ

6 1943 74 2006 tum
95 1943 254 2008 comicum
278 1943 390 2010 elicere
411 1944 557 2009 studeret
579 1965 620 2008 ex
641 1943 738 2013 Livio
761 1951 814 2020 21,
833 1949 887 2020 48,
911 1950 931 2008 8
951 1943 1009 2010 ubi
1030 1966 1138 2011 narra·

6 2049 56 2110 tur
74 2045 288 2125 Clastidium,
310 2048 560 2116 frumentarium
581 2049 814 2124 Romanorum,
836 2070 857 2122 a
877 2047 981 2113 Dasio
1001 2047 1139 2136 Brundi-

6 2152 82 2218 sino¹
93 2151 270 2227 Hannibali
293 2175 362 2218 esse
384 2154 561 2240 proditum.
588 2152 655 2224 Sed
671 2175 711 2219 ex
725 2152 787 2220 hac
802 2174 837 2222 re
852 2174 893 2218 nc
907 2150 1048 2218 Naevius
1071 2154 1138 2237 qui-

6 2247 75 2322 dem
97 2258 298 2332 comoediam
325 2261 531 2338 extorsisset,
567 2263 638 2326 erat
670 2259 755 2324 enim
788 2243 845 2324 res
870 2258 950 2324 satis
979 2256 1137 2345 lugubris.

6 2359 217 2438 Neukircbius
239 2367 347 2430 autem
370 2364 403 2429 in
425 2386 523 2438 suam
541 2367 733 2430 sententiam
754 2362 914 2431 deductus
930 2367 980 2430 est
994 2382 1035 2430 eo
1049 2363 1139 2448 quod

6 2465 89 2534 ricus
110 2467 255 2534 Gallicus
282 2469 383 2536 fuerit
406 2468 610 2540 Clastidium.
655 2469 793 2553 Rectam
822 2469 908 2534 viam
937 2469 1064 2554 primus
1092 2470 1137 2534 in-

6 2589 132 2654 gressus
154 2577 204 2638 est
223 2573 390 2661 Hauptius
405 2577 431 2660 ⁵)
463 2576 519 2660 qui
553 2574 671 2640 statuit
700 2575 746 2642 in,
768 2571 829 2638 hac
860 2572 981 2644 fabulax
1004 2574 1059 2658 agi
1086 2571 1137 2640 Μ.

6 2670 132 2742 Claudii
152 2678 300 2746 Marcelli
321 2680 491 2747 victoriam
514 2679 555 2745 de
576 2678 775 2746 Virdomaro
796 2679 1017 2764 reportatam,
1039 2672 1137 2762 quam

6 2785 195 2849 sententiam
217 2787 256 2850 ut
276 2784 421 2851 firmaret
437 2783 651 2870 Grauertus⁶)
672 2783 824 2872 exposuit
839 2785 994 2866 quantam
1008 2781 1138 2846 laudem

6 2883 177 2954 Marcellus
197 2887 253 2954 illa
272 2890 409 2958 victoria
430 2890 603 2968 merueritr
623 2891 705 2974 ¹quin
718 2889 805 2956 idem
820 2889 870 2954 vir
885 2888 1002 2953 doctus
1017 2889 1138 2965 censet,

6 2987 214 3060 Plutarchum
244 2995 380 3082 poeticis
396 2995 583 3062 luminibus
613 3017 785 3062 exornasse
814 2993 910 3060 huius
933 3013 1063 3078 pugnae
1086 2991 1138 3057 de

6 3099 224 3184 scriptionem,
258 3099 348 3184 quac.
373 3121 415 3166 ex
443 3099 556 3166 Naevii
591 3099 751 3167 Clastidio
779 3100 813 3176 in
843 3096 1074 3162 annalistarum
1104 3099 1138 3162 et
1249 3176 1252 3181 Ι

6 3199 84 3269 Livii
105 3203 206 3270 libros
225 3204 357 3272 fluxisse
380 3206 545 3292 opinatur.
577 3203 644 3272 Sed
663 3205 748 3270 hauc
769 3225 838 3268 rem
859 3201 1071 3286 relinquimus
1092 3201 1137 3268 in-

6 3303 194 3386 iudicatam
222 3331 427 3397 summopere
455 3312 565 3376 tamen
594 3308 767 3376 verisimile
786 3313 852 3386 est,
882 3307 971 3373 illam
993 3327 1138 3394 pugnam

6 3412 166 3479 aNaevio
199 3435 268 3481 esse
301 3414 495 3480 celebratam
524 3414 634 3482 fabula
660 3417 886 3500 praetextata3
914 3417 1020 3496 atque
1050 3412 1138 3476 inter

6 3522 186 3599 praetextas
208 3542 346 3605 quoqne,
369 3523 408 3585 ut
422 3524 511 3586 recte
526 3519 711 3588 Grauertus
730 3518 908 3593 admonuit,
931 3516 1139 3600 Diomedesl)

6 3617 191 3690 Marcellum
213 3630 367 3704 recenset,
391 3647 488 3711 quem
510 3603 682 3710 exscripsit
703 3623 878 3690 Hrabanus
899 3621 1038 3688 Maurus
1060 3621 1088 3684 1.
1103 3642 1137 3707 p.

6 3733 43 3794 47
77 3726 148 3794 Col.
184 3751 250 3814 quo
283 3731 413 3816 nomine
437 3729 492 3794 «illi
527 3727 723 3796 Clastidium
764 3726 943 3815 significare
974 3725 1147 3790 videntur..

6 3829 200 3921 Fragmenta
220 3834 287 3900 duo
309 3857 392 3919 quae
415 3838 590 3922 supersunt
610 3833 767 3900 laetitiam
788 3833 912 3899 reditus
940 3831 1138 3918 exprimunt.

74 3995 94 4057 ¹)
112 3995 145 4045 ua
164 3996 181 4045 1.
199 3995 216 4044 1.
236 3998 340 4057 asoa
359 4019 391 4034 -
422 3996 444 4059 ²)
463 3995 495 4045 oc
512 3996 530 4044 1.
548 3995 609 4056 ns,
631 3997 689 4045 1⁷s.
704 4021 741 4080 1-
768 3995 791 4057 ⁸)
808 4009 834 4058 p.
854 3997 895 4054 aa,
924 4017 955 4028 -
983 3993 1006 4053 ⁴)
1024 4005 1050 4056 p.
1070 3995 1136 4040 isis

7 4077 69 4133 aaa
88 4087 128 4132 ra.
147 4105 180 4120 -
199 4083 222 4146 ⁶)
240 4082 335 4134 ruia.
353 4083 374 4133 1.
391 4097 417 4148 p.
436 4085 495 4132 ais.
513 4108 547 4119 -
566 4083 589 4146 ι)
606 4083 699 4134 rum.
717 4083 752 4132 11.
770 4095 795 4144 p.
817 4084 875 4130 119.
893 4105 926 4116 -
947 4081 969 4143 1)
986 4093 1012 4144 p.
1031 4077 1090 4128 aar.
