2712 4630
723 157 785 216 102

653 241 858 252 ..η-...-

191 339 400 426 Noviohanc
421 341 592 408 abellanam
613 342 778 420 tribuunt,
808 321 1015 409 atellanarum
1045 345 1128 410 enim
1162 366 1325 432 personae

192 450 268 511 sunt
290 445 497 536 sannionesl).

585 608 670 693 LV.
727 609 943 694 SATIRA.

263 763 293 812 cl.
314 765 474 814 Klussmann.
494 780 517 830 p.
540 772 595 816 168.

278 889 441 985 Festus²):
465 899 648 982 „Quianam
672 927 732 990 pro
754 926 853 989 quare
874 908 908 969 et
929 926 987 968 cur
1008 904 1150 990 positum
1166 907 1220 968 est
1236 906 1314 990 apud

192 1007 341 1092 antiquos
363 1009 401 1070 ut
423 1003 578 1072 Naevium
601 1010 634 1074 in
656 1009 796 1074 carmine
817 1009 932 1075 Punici
954 999 1044 1076 beni:
1078 1031 1203 1073 summe
1226 1010 1314 1074 deum

191 1112 345 1195 regnator
359 1096 511 1196 ¹quianam
530 1137 632 1200 genus
652 1113 706 1180 isti
730 1119 763 1180 et
781 1117 814 1179 in
837 1119 948 1202 satyra
970 1115 1118 1200 quianam
1140 1137 1244 1200 genus
1267 1116 1331 1200 isli¹

192 1217 279 1280 etin
302 1220 413 1302 satyra
440 1217 589 1302 quianam
607 1215 796 1286 Saturnium
824 1219 979 1307 populum
1007 1220 1168 1306 pepulisti.
1196 1223 1232 1284 et
1256 1221 1314 1284 En-

133 1364 136 1370 ·
169 1316 278 1386 ‚nium
305 1325 389 1388 eto.“
421 1356 423 1360 ·
842 1341 844 1346 '

279 1429 429 1514 Plerique
450 1431 511 1495 viri
532 1431 635 1508 docti,
661 1431 736 1495 fulti
764 1430 826 1495 hoc
851 1429 1034 1516 testimonio
1063 1429 1312 1516 corruptissime

190 1525 314 1599 Naevio
336 1535 468 1599 satiram
486 1535 653 1612 tribuunt,
681 1534 739 1600 sed
760 1536 848 1600 varia
871 1536 910 1600 de
932 1535 994 1601 hoc
1017 1537 1156 1600 carmine
1177 1539 1255 1600 sunt
1276 1537 1313 1600 iu·

192 1640 282 1704 dicia.
311 1639 384 1704 Van
405 1638 601 1728 Heusdius3)
622 1641 705 1704 enim
728 1663 768 1706 ex
788 1641 857 1728 bac,
870 1643 968 1706 satira
990 1664 1087 1726 quam
1110 1641 1308 1714 dramaticum

190 1743 289 1808 fuisse
310 1743 416 1830 negat,
440 1745 591 1810 haustum
614 1768 683 1812 esse
703 1749 799 1833 putat
814 1746 1004 1812 versiculum
1027 1747 1236 1831 qquetelli
1250 1769 1298 1812 car-

190 1851 366 1937 puntur⁴)‚
400 1849 645 1935 obloquentibus
680 1851 724 1917 K.
747 1851 786 1917 F.
810 1851 998 1917 Hermanno
1013 1853 1039 1937 ⁵)
1069 1857 1102 1917 et
1130 1849 1305 1938 Hertziolb.

190 1955 397 2020 Hermannus
421 1958 530 2021 censet
553 1960 609 2023 aut
632 1958 840 2023 dramaticam
862 1958 949 2022 illam
970 1958 1070 2022 fuisse
1099 1963 1156 2024 aut
1177 1957 1311 2023 librario

595 2028 597 2036 l

191 2084 263 2126 rum
292 2084 402 2126 errore
423 2061 520 2126 Ennii
547 2064 678 2128 satiram
709 2063 760 2134 bic
788 2086 856 2129 esse
885 2068 1184 2141 commemoratam,
1223 2088 1311 2150 quun

91 2239 94 2244 Δ
192 2169 303 2232 statim
331 2167 429 2233 Ennii
458 2169 585 2233 annales
611 2167 791 2237 laudentur.
848 2167 940 2234 Idem
972 2169 1040 2234 fere
1070 2174 1178 2236 censet
1207 2169 1314 2235 Klusa

192 2295 327 2337 mannus
350 2275 404 2358 qui
417 2277 523 2359 ‘putat
543 2272 657 2338 Naevii
679 2273 818 2358 aliquam
846 2274 988 2340 fabulam
1011 2280 1146 2363 propter
1169 2275 1317 2342 acerbita

191 2384 258 2444 tem
280 2382 394 2465 postea
417 2380 548 2444 satiram
572 2401 640 2446 esse
662 2379 870 2467 appellatam
895 2380 953 2446 sed
974 2405 1073 2467 quum
1095 2379 1174 2446 nibil
1196 2382 1320 2446 alinde

190 2481 354 2555 Naeviana
376 2485 475 2550 satira
495 2487 610 2550 notum
640 2487 683 2549 sit
710 2489 743 2551 et
772 2486 864 2552 facile
891 2475 967 2553 loco'
990 2487 1045 2553 illo
1076 2478 1321 2574 corruptissimo
1354 2484 1355 2541 l

191 2590 289 2656 Ennii
319 2592 418 2658 satira
448 2592 593 2678 potuerit
622 2613 695 2656 cum
717 2590 830 2656 Naevii
859 2593 987 2657 nomine
1016 2595 1183 2680 coniungi,
1213 2593 1320 2659 Ennio

191 2696 253 2762 hoo
276 2717 403 2762 carmen
425 2697 613 2772 tribuimus,
645 2698 734 2762 cuius
759 2698 876 2761 satirae
897 2697 1085 2783 plerumque
1108 2700 1239 2784 quidem
1261 2699 1323 2764 lan-

181 2802 311 2871 ,dantur
334 2804 392 2866 aut
413 2801 487 2866 libri
508 2823 643 2867 numero
665 2801 776 2866 addito
803 2807 861 2866 aut
882 2802 998 2888 plurali
1020 2826 1168 2884 numero,
1199 2807 1261 2869 sed
1286 2808 1324 2870 in-

127 2981 149 2996 l,
192 2907 319 2990 venitur
342 2927 485 2991 quoque:
509 2908 565 2984 „in
588 2908 699 2971 satura
723 2907 824 2971 tradit
845 2906 1034 2994 Ennius“.⁷)

568 3085 701 3188 uu?
742 3103 953 3214 suasuri.

264 3260 295 3310 cl.
315 3261 451 3311 Weichcrt.
469 3275 494 3325 p.
515 3265 556 3312 8³.

279 3396 451 3486 Noniusssu
473 3397 642 3475 „Naeusus
658 3396 788 3466 Sireno:
812 3399 893 3464 citer
914 3399 1029 3465 delfino
1045 3389 1155 3465 ciuctis
1170 3399 1330 3468 vehiculis

193 3505 484 3592 hippocampisque¹
506 3505 662 3591 asperis.“
708 3503 793 3572 Cum
816 3505 877 3570 hoc
898 3505 995 3570 Nonii
1017 3505 1087 3571 loco
1110 3505 1330 3574 conferendus

193 3615 243 3678 est
264 3610 353 3700 locus
375 3611 532 3676 Prisciani
543 3614 585 3694 ⁹):
1227 3673 1238 3704 ἱ

265 3789 285 3851 ¹)
303 3787 335 3838 el.
355 3788 408 3838 Cic.
427 3791 460 3840 ad
477 3791 536 3840 Diu.
556 3793 580 3852 9,
602 3796 643 3842 16.
658 3815 687 3827 -
709 3790 730 3851 2)
748 3806 772 3855 p.
792 3794 841 3840 aa?
861 3791 896 3839 M.
910 3817 942 3826 —
965 3791 985 3853 8)
1004 3805 1029 3856 p.
1047 3793 1105 3840 28⁷.
1120 3815 1151 3826 -
1171 3792 1194 3852 ⁴)
1212 3791 1331 3844 Momm·

193 3891 269 3928 senus
286 3877 315 3927 Ib
328 3893 353 3941 p.
366 3878 415 3928 897
435 3881 542 3930 eandam
559 3879 709 3928 sententiam
727 3879 792 3928 tueri
805 3879 911 3940 videtur,
929 3879 990 3928 dicit
1008 3879 1075 3929 enim
1093 3879 1206 3928 carmina
1225 3882 1331 3933 minora

192 3967 244 4014 lam
262 3964 322 4014 indo
339 3981 355 4014 a
374 3965 463 4018 Naevii
483 3973 565 4016 aetate
584 3968 675 4016 satiras
699 3982 754 4020 esse
773 3967 908 4031 appellata,
929 3993 961 4002 -
986 3967 1009 4029 ὅ)
1027 3967 1096 4018 Anu.
1116 3966 1186 4018 Golt.
1210 3972 1286 4019 1843
1309 3986 1329 4020 n.

160 4111 165 4115 Δ
194 4058 274 4101 40.-
289 4054 310 4114 ⁸)
329 4069 352 4118 p.
368 4059 466 4102 234-
481 4056 502 4114 ²)
521 4054 552 4104 ot
572 4054 658 4115 Quint.
677 4056 710 4104 D.
732 4061 755 4116 9,
775 4061 799 4114 2,
817 4058 901 4104 36.-
916 4055 936 4114 8)
956 4055 1128 4118 p.1aoM.-
1148 4055 1170 4116 ⁹)
1188 4069 1212 4118 p.
1229 4057 1286 4107 7³9
1304 4061 1329 4110 P.
