2734 4610
561 215 600 274 19

471 295 680 310 -a--a———ae

1 399 97 481 Quid
122 423 196 466 eum
220 383 261 465 ad
285 401 349 466 hoo
368 405 450 485 o'pus
472 400 625 486 inpulerit
646 402 805 466 noscimus
820 403 933 466 utrum
947 423 1056 485 rerum
1072 423 1129 488 ges

1 525 118 570 aarum
146 505 337 591 magnitudo
360 529 400 569 an
425 504 574 590 quodad
596 504 716 572 belluni
743 507 858 571 contra
879 505 1009 574 Poenos
1039 529 1144 592 parse-

1 612 172 694 iuendum
202 611 326 674 animos
363 609 502 674 excitare
530 610 678 675 volucrit.
739 608 858 676 Senem
886 609 1046 676 Naevium
1079 612 1145 676 iam

1 717 108 780 inisse
130 737 229 800 quum
246 715 307 780 hoc
330 738 458 780 carmen
474 714 627 780 conderet
641 717 735 798 patet
757 723 799 779 ex
818 715 925 780 verbis
941 714 1108 780 Ciceronis
1121 719 1146 799 1)

1 822 59 902 qui
85 843 188 904 quum
209 821 342 906 exponit
364 821 461 889 etiam
490 840 580 884 senes
603 819 713 883 multis
734 817 831 888 iabus
853 820 1012 907 gaudere,
1041 843 1147 887 caem-

1 925 101 1010 plum
129 913 251 990 add'cus
275 926 371 990 dicit:
411 923 578 1004 „Quid'in
599 923 772 988 levioribus
801 925 918 990 studiis
948 925 1006 990 sed
1035 929 1148 992 tamen

1 1031 134 1094 acutis?
169 1028 282 1109 Quam
312 1029 476 1116 gaudebat
504 1029 588 1094 bello
617 1028 831 1094 suoPunic'o
852 1028 1012 1106 Naevius,
1047 1039 1148 1115 quani

1 1134 208 1200 Truculento
230 1134 368 1212 Plautus
390 1157 486 1219 quam
510 1134 697 1202 Pseudolo“
719 1155 808 1218 quae,
831 1133 930 1200 verba
960 1136 1062 1201 totius
1084 1136 1146 1202 loci

2 1261 156 1304 connexu
178 1239 342 1304 declarant
364 1264 429 1322 non
452 1239 555 1306 solum
578 1241 707 1324 gavisos
731 1261 800 1304 esse
827 1261 919 1304 senes
950 1240 1146 1306 carminibus

2 1367 93 1428 quae
106 1345 258 1410 iunrcnes
278 1345 429 1410 fecissent
452 1346 508 1410 sed
534 1347 630 1410 ctiam
655 1364 745 1409 senes
767 1339 882 1410 fecisse
904 1344 1079 1410 bellum-et
1101 1344 1146 1410 fa

2 1449 111 1514 bulas.
150 1450 315 1516 Audacius
330 1472 408 1515 vero
424 1451 497 1516 Ritt
499 1473 571 1516 erus
582 1453 607 1534 ⁹)
630 1461 726 1515 versu
745 1450 778 1512 in
793 1448 867 1514 Met
868 1449 945 1514 ellos
961 1451 1148 1536 conscripto

2 1556 114 1620 utitur
136 1577 201 1639 quo
225 1555 442 1631 demonstret,
410 1554 624 1620 tNasvium
648 1576 732 1620 anuo
756 1559 819 1619 548
843 1553 962 1620 bellum
986 1552 1146 1642 Punicum

4 1659 161 1736 edidisse,
191 1659 381 1744 praefractis
403 1663 518 1746 utpote
541 1659 648 1724 vorbis
671 1660 867 1725 contendens
896 1681 1026 1726 versum
1055 1637 1146 1726 illum

4 1787 77 1830 essa
100 1787 141 1829 ex
163 1763 248 1830 bello
270 1764 395 1830 Punico
417 1768 600 1850 sumptum
629 1769 737 1854 causet
759 1766 843 1852 enim
866 1763 1025 1830 Naevium
1046 1787 1146 1850 quum

5 1870 147 1941 alterum
170 1869 375 1936 consulatum
397 1871 438 1952 L.
464 1867 596 1935 Caecilii
616 1869 743 1936 Metalli
765 1847 989 1956 descripsisset
1007 1869 1146 1936 embolio

2 1976 149 2058 quodam
172 1975 317 2040 delatum
341 1997 411 2040 esse
434 1974 476 2039 ad
499 1975 567 2038 eius
582 1971 683 2041 fitium
699 1975 862 2040 consulem
880 1977 954 2040 anui
971 1973 1045 2044 548:
1071 1974 1147 2043 'Sed

7 2079 128 2162 quibus
149 2079 329 2144 rationibus
351 2079 440 2144 illum
460 2063 592 2144 tersum
614 2081 647 2143 ιιι
669 2079 788 2144 bellum
811 2079 971 2144 Punicum
996 2081 1148 2146 intrudat

6 2185 69 2268 ipsi
84 2186 222 2250 lectores
237 2184 389 2254 iudicent.
428 2183 575 2250 Primum
592 2185 675 2249 euim
698 2183 786 2262 dicit,
811 2206 910 2269 quum
926 2194 991 2250 nou
1006 2185 1147 2250 addatur

8 2311 138 2354 carmen
152 2291 239 2355 unde
254 2289 307 2358 bic
321 2311 432 2354 versus
447 2289 584 2355 haustus
600 2291 652 2364 sit,
677 2293 792 2375 sponte
808 2290 1013 2378 notissimum
1029 2292 1148 2376 poetae

8 2417 140 2460 carmen
168 2396 269 2460 menti
299 2394 476 2471 obversari,
506 2417 571 2480 qua
599 2396 774 2459 rationesi
797 2395 846 2460 vir
879 2396 996 2461 ductus
1020 2401 1149 2482 semper.

7 2501 157 2566 uteretur
180 2501 288 2565 omnia
309 2498 492 2565 fabularum
514 2499 697 2586 fragmenta
707 2518 802 2594 quae
822 2523 908 2566 nunc
929 2501 1057 2568 incerto
1075 2501 1148 2568 loco

7 2608 171 2721 vagantur
200 2603 393 2670 insciciret
349 2607 417 2669 ιιιι
439 2606 628 2723 Lycurgum
650 2604 838 2680 Danaeius,
863 2605 889 2668 si
911 2606 1036 2690 tragica
1059 2611 1148 2683 s'unt,

9 2709 39 2771 si
61 2730 140 2773 vero
155 2709 350 2774 comoediam
367 2711 497 2796 sapiunt
518 2710 555 2774 in
574 2710 795 2828 Tarentillam‚
819 2731 920 2793 quam
932 2731 999 2776 rem
1013 2697 1056 2775 irc
1077 2711 1150 2797 ipsa

9 2814 145 2898 quidem
169 2814 344 2880 conabitur.
418 2838 420 2842 ·
522 2847 528 2858 ¹

99 2918 244 2995 Deinde,
267 2921 371 3004 inquit
393 2921 559 2997 Ritterus‚
583 2943 683 3004 quum
707 2922 759 2984 sut
760 2921 872 2984 urnius
895 2919 948 2985 ille
971 2943 1083 2988 rursus
1106 2870 1150 3012 ιιι

10 3046 68 3088 nec
90 3015 229 3104 saturnii
243 3025 350 3090 locum
373 3025 536 3090 habeant
498 3029 561 3090 t1n
576 3025 746 3091 Naevianis
761 3023 889 3101 fabulis,
914 3047 996 3110 quae
1011 3023 1147 3092 Graecis

12 3131 122 3194 metris
145 3132 348 3216 conscriptae
370 3133 457 3207 sunt,
480 3131 599 3196 satirae
620 3153 699 3196 vero
720 3129 901 3206 carminare
917 3130 1151 3196 obtrectatoris

12 3233 124 3300 Naevii
147 3235 235 3300 nulla
258 3239 493 3311 memorentur,
517 3236 595 3300 nibil
616 3239 722 3302 restat
743 3236 805 3300 nisi
826 3235 889 3302 hoc
911 3236 1014 3300 utsit
1036 3258 1150 3300 versus

12 3339 84 3405 belii
101 3341 228 3408 Punici.
267 3340 455 3406 Saturnium
478 3363 554 3406 sane
567 3364 642 3406 cum
658 3345 730 3406 toto
746 3342 1034 3428 grammaticorum
1050 3361 1150 3428 grege

13 3468 163 3530 agnosco,
186 3445 324 3510 alterum
340 3467 476 3531 iquoque
497 3447 576 3512 illud
600 3433 673 3512 cum
695 3449 826 3516 Rittero
849 3448 1027 3522 contendo,
1051 3448 1083 3510 in
1103 3445 1150 3510 fu·

13 3550 94 3615 bulis
110 3549 268 3616 Naevium
285 3553 428 3616 saturnio
444 3573 508 3616 non
524 3573 593 3616 assc
608 3573 702 3618 usum
713 3554 747 3638 8),
770 3557 807 3616 at
821 3552 893 3637 quis
909 3552 993 3618 dixit
1007 3552 1148 3629 Rittero,

13 3655 170 3720 Naevium
192 3655 281 3720 nulla
294 3657 529 3742 epigrammata
550 3657 717 3742 scripsisse
738 3659 801 3742 qui
816 3657 878 3722 sibi
900 3653 1023 3745 ipsein
1047 3657 1149 3744 sepul-

84 3923 104 3984 1)
124 3921 157 3972 ef.
177 3920 230 3972 cio.
248 3915 306 3974 ὀιιζ
325 3923 362 3972 ιι.
378 3928 418 3984 ιι,
437 3928 478 3973 ιο.
494 3949 524 3960 ·-
538 3923 561 3983 ²)
574 3923 606 3972 ιι.
619 3923 703 3974 urerer
720 3923 787 3987 ιρι.
801 3923 852 3974 LL.
866 3924 899 3974 a.
911 3925 947 3985 a.
964 3929 1028 3975 ιιιι
1043 3938 1068 3988 p.
1089 3929 1149 3973 sao.

16 4011 35 4069 ⁸)
60 4009 221 4073 Quamquam
248 4011 367 4062 Osnun‘us
390 4025 431 4060 ιιιι.
458 4010 512 4059 ιιιι.
539 4027 564 4074 p.
590 4016 605 4060 6
629 4012 731 4061 Livium
752 4018 784 4062 -ιι
807 4010 934 4062 Naevium
956 4012 984 4062 in
1010 4009 1151 4064 comoediis

15 4111 194 4162 nonnunquam
212 4099 331 4148 satumiis
350 4107 406 4148 csso
425 4113 485 4162 usos
504 4099 637 4148 existimat
693 4130 710 4157 τ

913 4202 949 4252 2*
