2712 4630
776 184 910 262 us¹

229 369 350 444 ..etum
363 369 523 434 minitas?
558 369 652 435 mitte
674 391 713 434 es.
734 390 817 453 quae
838 373 903 442 tua·
918 346 995 436 suxit
1017 370 1249 456 magis'quam
1270 390 1327 435 mea

229 475 263 548 ct
283 473 402 560 fgtum.
424 474 495 540 lll:
519 474 640 540 excidit
661 473 816 539 orationis
838 473 1168 540 omnisconfidentia

230 580 264 644 et
278 576 386 664 fgtum
397 578 467 644 lV:
489 599 560 644 eam
576 600 662 644 nuno
675 599 745 642 esse
759 579 925 644 iuventam
938 579 1050 665 probri
1067 581 1261 665 compotem
1275 580 1322 644 scis.

317 681 385 750 Sed
410 672 620 750 Welckerum
649 682 752 769 magis
782 683 892 749 studio
923 704 1021 767 quam
1049 684 1192 750 oonsilio
1223 685 1263 748 ad
1287 684 1327 746 t.

229 779 419 854 sententiam
443 786 587 852 delatum
608 809 677 852 esse
699 788 918 876 unusquisque
939 787 1043 862 videt,
1072 787 1229 854 defendit
1254 789 1328 852 scili

228 893 262 957 id
277 893 365 978 quod
379 890 476 956 semel
492 894 661 970 statuerat,
683 891 853 958 Naevium
865 891 968 956 nullas
988 893 1163 978 scripsisse
1179 894 1321 979 tragce'

228 995 377 1080 Namque
397 1017 439 1060 ne
459 993 575 1061 Naevii
595 996 725 1081 quidem
745 996 860 1079 Danae
882 997 916 1062 in
937 997 1068 1062 exilium
1095 998 1259 1073 mittitur,
1284 997 1325 1081 lug

230 1104 376 1166 mentum
398 1102 483 1166 enim
504 1106 656 1167 octavum
699 1159 702 1166 ,
811 1104 814 1109 ’

466 1206 619 1292 „indigne
641 1206 755 1292 exigor
776 1206 883 1292 patria
903 1206 1076 1272 innocens“

230 1309 315 1375 unde
338 1308 530 1378 Welckerus
557 1332 649 1375 suam
679 1331 749 1375 rem
778 1309 950 1387 conclusit,
987 1311 1085 1376 etiam
1116 1310 1187 1377 dici
1215 1312 1326 1397 potests

231 1415 362 1481 muliere
393 1437 477 1501 quae
505 1416 628 1481 inclusa
648 1416 682 1479 in
703 1415 818 1480 cistam
841 1437 859 1480 e
880 1415 989 1502 patris.
1009 1418 1098 1480 terra
1120 1416 1158 1480 in
1180 1415 1325 1480 fluviuma

230 1543 319 1587 mare
341 1522 509 1608 proicitur.
555 1518 645 1600 Quin
667 1520 794 1584 etiamsi
822 1520 856 1584 in
883 1520 1013 1585 exilium
1044 1521 1237 1586 mitteretur
1260 1521 1324 1583 tarsu

230 1647 249 1690 e
273 1628 403 1690 mutato
424 1624 538 1710 mytho
567 1623 646 1688 nihil
676 1624 716 1688 de
743 1625 845 1710 ipsius
873 1623 1001 1690 fabulae
1023 1646 1146 1710 genere
1176 1626 1264 1710 sequi
1280 1621 1324 1688 vile

230 1733 326 1812 tura)
370 1728 512 1807 Deinde,
544 1751 643 1814 quum
673 1729 844 1798 duodecim
871 1729 1056 1816 fragmenta
1083 1734 1165 1796 ante
1188 1725 1323 1796 oculosla

230 1833 378 1912 beamus,
405 1856 506 1900 unum
528 1833 706 1900 alterumve
729 1837 817 1900 certe
839 1835 981 1920 apertius
1003 1836 1209 1900 comoediam
1232 1831 1320 1918 saperet

231 1961 328 2024 quam
351 1943 390 2004 ut
411 1937 547 2005 dubium
569 1960 640 2004 esse
661 1941 782 2026 posset,
809 1938 866 2004 sed
887 1961 927 2004 ne
943 1938 1044 2004 ullum
1059 1941 1196 2024 quidem
1208 1929 1322 2006 Welclui

231 2045 411 2111 sententiae
443 2045 542 2111 lavet.
596 2045 711 2130 ltaque
744 2044 867 2130 optime
898 2043 1070 2111 fecerimus
1105 2046 1134 2110 si
1169 2039 1321 2130 tragoedo

229 2149 369 2215 Danaen
389 2148 490 2214 fuisse
505 2149 732 2226 statuerimus;
755 2152 789 2213 et
804 2169 997 2234 quamquam
1013 2148 1153 2215 Danaen
1170 2143 1322 2214 comoedum

231 2256 431 2340 scripserunt
452 2252 696 2340 Apollophanes
711 2257 753 2338 ⁸et
775 2250 936 2338 Sannyric
959 2256 1068 2320 tamen
1089 2253 1153 2320 hos
1176 2255 1286 2319 veteres
1301 2265 1322 2307 t

233 2361 333 2424 micos
356 2361 600 2442 consequutus
622 2362 673 2422 est
695 2356 853 2434 Naevius,
876 2358 935 2423 sed
957 2358 1066 2444 potius
1089 2357 1277 2445 Euripidem
1293 2355 1323 2413 tu

231 2465 381 2550 gicum.²)
409 2462 463 2528 De
484 2462 743 2550 fragmentorum
763 2463 962 2555 argumentis
978 2463 1108 2529 omnino
1124 2486 1200 2530 eum
1216 2450 1324 2527 Ribbel

232 2573 318 2655 trag.
340 2569 398 2634 rel.
426 2591 459 2656 p.
483 2575 548 2654 246,
581 2569 800 2634 consentimus
833 2568 876 2633 ad
904 2589 1001 2651 quem
1029 2567 1170 2636 lectores
1200 2557 1324 2631 benevola

232 2673 435 2760 ablegamus,
470 2675 540 2760 qui,
574 2694 709 2758 quaeso,
744 2673 884 2738 adiciant
914 2672 1000 2755 inter
1021 2670 1208 2758 fragmenta
1229 2659 1324 2735 vsslet

87 2873 89 2882 Ι
172 2797 173 2800 ’
233 2779 289 2844 lX
308 2779 388 2844 illud
410 2780 499 2863 quod
520 2777 717 2844 Ribbeckius
739 2777 825 2842 Livii
845 2775 980 2842 Danaae
1001 2775 1128 2842 tribuit.

364 2975 367 2982 ’
425 3001 427 3006 ·
539 3007 667 3091 xix.
719 3003 1060 3091 saussaius.
1119 3090 1121 3096 s

325 3163 410 3231 Vide
433 3184 515 3248 quae
537 3161 579 3228 de
600 3140 848 3240 „Commotriff
871 3159 1115 3245 disputavimus.

559 3391 660 3474 xx.
724 3359 1046 3475 suasurus

311 3547 344 3630 οξ.
363 3546 485 3598 Ribbeck.
505 3561 570 3598 com.
590 3545 634 3598 rel.
652 3562 677 3611 p.
701 3553 739 3597 12.
793 3581 797 3591 .

324 3684 547 3767 Diomedes:³)
583 3685 690 3762 „Item
711 3683 816 3748 babeo
839 3686 872 3748 et
893 3682 1007 3748 habito
1035 3680 1187 3756 dicimus,
1216 3676 1251 3738 ut
1274 3677 1324 3748 aps

235 3788 395 3856 Naevium
416 3790 450 3853 in
465 3788 684 3856 dementibus:
708 3789 854 3866 „animae
875 3786 1087 3904 pauxillulum
1102 3788 1134 3852 in
1150 3805 1200 3852 me
1213 3765 1325 3844 habitst‘

96 3969 98 3976 ¹
234 3992 244 4020 ·
309 3969 329 4032 ¹)
349 3967 381 4018 οἱ
400 3967 487 4018 Hertz.
506 3983 531 4033 p.
551 3969 601 4017 227
622 3968 666 4032 qui
683 3965 823 4018 Welckero
841 3965 996 4030 obloquitur.
1029 3992 1062 4004 -
1090 3963 1163 4027 ’γαί
1183 3950 1308 4011 muscum

238 4057 310 4122 epist.
330 4057 363 4108 sd
379 4057 490 4108 Millium
508 4070 533 4121 p.
553 4059 613 4106 464.
633 4079 666 4090 -
687 4053 709 4115 ⁸)
727 4069 751 4118 p.
771 4058 823 4104 844
841 4053 875 4104 K.
945 4095 947 4103 ,
