2734 4610
747 129 802 187 24*
862 169 866 174 -

658 211 865 222 ----..-.-.-..-

196 333 277 394 quas
307 333 371 396 quo
393 313 477 380 loeo
499 335 656 399 ponamus
686 335 774 398 nune
799 315 961 401 quidem
950 339 984 380 ιιι
1005 315 1127 380 incerto
1153 314 1345 400 relinquenl

196 417 273 482 dum
299 421 357 482 est.
1222 469 1224 475 .
1344 455 1345 526 q

284 523 354 586 lam
386 488 551 606 quaeritur
581 545 644 622 qna
666 524 793 589 ratione
821 547 874 588 res
897 527 1047 589 narratae
1069 471 1193 590 ιιίιιιιιιιι
1217 524 1345 628 fuerint

195 629 228 692 in
251 627 361 707 libros,
382 628 493 710 quain
509 650 543 691 re
566 615 671 693 consti
672 629 846 694 tuendat
813 633 846 694 e
847 653 875 693 ει
896 631 976 700 satis
998 629 1115 696 debilia
1136 634 1217 696 sunt
1234 631 1345 716 graml

197 735 389 798 matioorum
412 733 597 798 testimonia
619 755 717 816 quum
740 733 889 798 facillime
912 757 969 819 per
992 738 1044 798 tot
1067 735 1196 799 saecula
1211 717 1345 799 nurneri

196 838 351 901 librorum
384 837 500 900 mutati
529 839 609 914 sint,
642 842 749 902 tamen
778 839 811 902 hi
843 838 902 904 soli
925 843 1074 904 auctores
1104 859 1174 908 esse
1198 844 1341 925 possunt

196 943 319 1026 solique
341 941 445 1006 duces·
462 964 550 1024 qnos
566 943 628 1008 nisi
649 945 689 1008 de
712 945 910 1029 gravissimis
939 946 1062 1010 eaussis
1090 945 1244 1010 deserere
1280 967 1338 1009 non

195 1045 279 1110 lieet.
325 1047 397 1110 Hos
420 1048 521 1132 igitur
543 1050 570 1112 si
588 1050 751 1132 sequimur
771 1048 853 1113 hano
874 1050 941 1113 fere
956 1049 1113 1118 lib-rorum
1127 1051 1275 1136 speeiem
1301 1051 1337 1112 in-

195 1151 358 1242 veniemus
381 1153 413 1215 in
444 1175 540 1236 quam
570 1155 693 1238 reliqua
715 1153 900 1238 fragmenta
923 1156 989 1218 suis
1014 1176 1161 1239 quaeque
1189 1156 1276 1220 loeis
1299 1157 1335 1220 in·

51 1247 78 1282 ³
196 1277 301 1320 serere
323 1279 505 1342 possumne.
641 1243 644 1246 ¹
792 1336 795 1341 Ι
1189 1259 1191 1264 ’

593 1512 596 1520 ,
697 1437 773 1516 Lib.
800 1461 827 1516 1.

238 1555 280 1618 Ei
304 1556 446 1618 venitin
469 1557 608 1618 mentem
632 1554 798 1620 hominum
820 1554 970 1620 fortunas
991 1555 1045 1640 (eh
1069 1554 1164 1622 Vahl.
1179 1563 1222 1635 1,
1247 1561 1293 1640 4).

242 1660 367 1722 Eorum
389 1664 511 1734 sectam
535 1663 688 1724 secuntur
711 1659 803 1724 multi
828 1660 981 1726 mortales

245 1803 283 1812 -
310 1802 350 1811 —
377 1802 415 1810 —-
440 1803 483 1812 —-
507 1763 606 1830 Multi
629 1765 681 1830 alii
704 1787 722 1830 e
742 1765 843 1830 Troia

242 1867 522 1935 Strenuiviri-
549 1909 718 1954 ---÷
745 1909 784 1918 -
812 1906 918 1920 -—
1039 1874 1047 1889 “

241 1973 308 2038 Ubi
330 1974 514 2056 forascnm
539 1999 618 2042 auro
641 1975 715 2039 illue
738 1976 868 2040 exibant
890 1977 945 2060 (of.
967 1975 1063 2043 Vahl.
1090 1985 1117 2054 1,
1142 1983 1176 2060 6)

105 2121 123 2148 ι
196 2080 308 2146 Venus
329 2081 479 2146 Troianis
509 2083 703 2166 tempestate
730 2079 951 2146 laborantibus
981 2105 1053 2146 eum
1080 2082 1164 2148 Jove
1187 2082 1330 2166 queritur

195 2189 229 2250 et
257 2191 411 2250 secuntur
439 2185 537 2262 uerba
569 2185 666 2258 Jovis
691 2185 807 2252 Filiam
838 2187 1032 2253 consolantis
1062 2209 1119 2271 spe
1148 2187 1330 2252 futurorum

194 2291 248 2373 (ef.
286 2291 378 2358 Vahl.
418 2299 446 2366 1,
483 2292 537 2374 10)
568 2289 735 2378 Prochyta
765 2346 772 2360 .
805 2347 811 2359 .
842 2292 924 2356 hene
954 2289 1094 2354 Naevius
1124 2291 1163 2356 'de
1193 2296 1329 2378 cognate

194 2396 324 2461 Aeneae
346 2417 462 2460 nomen
485 2397 645 2482 accepisse
669 2399 755 2464 dicit.
801 2395 855 2480 (cf.
881 2395 973 2461 Vahl.
1001 2404 1028 2472 1,
1055 2397 1110 2480 16)

239 2499 409 2564 silvicolae
431 2501 575 2572 homines
598 2501 736 2586 bellique
758 2503 878 2566 inertes
900 2498 955 2584 (cf.
980 2499 1071 2568 Vahl.
1099 2508 1127 2576 1,
1154 2503 1211 2584 17)Ι

238 2607 372 2668 Inerant
389 2607 486 2693 signa
509 2631 661 2694 expressa
684 2630 748 2690 quo
772 2608 868 2686 moldo
891 2607 1001 2674 Titani

239 2712 434 2798 Bicorpores
457 2711 614 2799 Gigantes
638 2711 809 2796 magnique
832 2711 981 2778 Atlantes
1344 2729 1345 2744 ¹

205 2881 208 2890 ,
239 2817 371 2882 Runeus
394 2841 432 2884 ac
454 2818 645 2904 Purpureus
667 2815 724 2880 filii
747 2820 861 2880 terras.
907 2815 1213 2900 (sf.vahl.1,1e)

200 2995 203 3000 ,
242 2961 281 2972 —-
305 2961 347 2973 -
373 2963 412 2976 -
436 2924 569 2989 Marcus
594 2919 741 2986 Valerius
765 2921 877 2985 eonsul

239 3027 377 3094 Partem
397 3028 530 3106 exerciti
551 3029 584 3091 in
608 3025 853 3112 expeditionem
868 3025 957 3104 ducit
979 3024 1034 3109 (ef.
1060 3024 1144 3092 Vahl
1167 3031 1196 3099 3,
1219 3027 1251 3108 3)

1344 3053 1345 3090 l

691 3261 766 3318 nra.
787 3263 833 3320 11.

238 3359 363 3424 Blande
382 3363 418 3424 et
437 3359 533 3424 (loete
555 3362 726 3444 percontat
749 3361 876 3424 Aeneas
898 3381 963 3444 quo
986 3347 1083 3446 paeto
1173 3425 1188 3454 ⁸
1344 3357 1345 3432 l

238 3465 371 3548 Troiam
393 3463 507 3528 nrbem
530 3464 663 3548 liquerit
683 3463 737 3548 (ef.
761 3463 855 3527 Vahl.
884 3473 912 3539 1,
939 3467 994 3550 14)
1344 3473 1345 3536 ι

130 3555 136 3566 “
238 3571 373 3654 lemque
400 3570 467 3634 eius
498 3573 637 3634 mentem
669 3568 802 3634 fortuna
830 3568 952 3634 fenerat
981 3570 1141 3654 quietem.
1210 3631 1216 3646 q
1344 3569 1345 3640 l

919 3724 924 3734 .
1000 3673 1054 3757 (ιιι.
1079 3674 1174 3740 Vahl.
1198 3682 1223 3749 ι,
1247 3677 1277 3755 1)
1344 3685 1345 3746 ι

238 3781 351 3846 Prima
372 3781 494 3845 incedit
517 3779 647 3846 Cereris
669 3779 868 3864 Proserpina
890 3797 971 3864 puer
993 3778 1048 3862 (cs
1072 3779 1168 3846 vahl.
1190 3781 1268 3862 ιθ)
1344 3781 1345 3854 l

237 3886 323 3952 Dein
344 3886 466 3972 pollens
489 3908 548 3973 sa
549 3891 575 3950 ι
577 3887 619 3950 tis
577 3885 781 3950 tinclutus
804 3884 1011 3978 arquitenens
1344 3913 1345 3972 ι

238 3991 377 4060 Sanetus
393 3939 547 4080 Delphis
546 3995 725 4078 prognatus
740 3989 808 4075 Pyt
794 3987 881 4054 thius
896 3973 1027 4074 Apollo.
1055 3987 1110 4072 (of.
1127 3987 1256 4064 vahla,
1271 3989 1311 4068 ι)
1344 4009 1345 4054 ι
