2734 4610
745 179 785 237 le

656 259 868 272 ιι-η--ύ--κ-

68 457 72 466 .
134 374 135 377 ’
196 359 230 426 bi
251 362 314 447 ipsi
335 361 382 426 rei
402 361 547 428 faciendi
562 364 704 428 erentsi
726 363 805 448 qnid
832 363 990 429 eiusmodi
1011 364 1204 440 acciderat3
1240 362 1304 427 sed
1328 363 1351 446 si

196 463 383 531 Naevius
374 488 443 552 1pee
480 467 612 552 agebat,
583 470 714 532 ttum
748 468 877 551 quidem
908 467 1057 534 facillime
1086 469 1178 534 hane
1216 467 1351 538 illamve

131 607 135 616 ·
195 570 342 636 iniuriam
359 571 519 636 innectere
543 595 584 638 ex
606 575 753 658 tempore
767 574 875 658 potuit
893 577 1028 700 propter
1051 597 1153 659 quam
1182 593 1302 659 poena
1325 572 1351 642 ei

197 675 350 741 solvenda
365 679 483 760 erat1)
570 731 572 736 2

281 775 398 846 Restat
421 783 458 845 ut
481 781 521 845 de
543 783 667 846 ratione
687 781 882 846 disseramus
898 805 980 867 quae
1001 783 1239 848 intercesserit
1264 783 1351 846 inter

195 880 352 948 Naevium
375 887 409 948 et
431 885 591 972 principes
614 887 764 963 civitatis,
789 910 854 970 qua
875 889 1046 975 praecipue
1069 889 1179 974 apud
1188 890 1351 973 posteros

195 992 292 1052 nctus
314 987 414 1052 fuisse
435 989 524 1054 videt
510 993 573 1054 t.ur
620 989 763 1056 Gentem
778 991 933 1057 Naevium
955 992 1113 1080 plebeiam
1135 991 1253 1056 fuisse
1279 1012 1351 1054 eon*

196 1095 272 1168 stat,
295 1093 344 1157 M.
368 1093 452 1157 enim
467 1063 615 1160 Naevius
638 1097 786 1160 tribunus
808 1097 911 1182 plebis
935 1119 990 1160 era
991 1100 1041 1180 tt)
991 1098 1097 1161 tet
1120 1095 1254 1162 Cicero
1272 1093 1348 1159 Sex·

195 1199 265 1260 tum
285 1196 443 1262 Naevium
466 1198 628 1265 homiuem
651 1200 764 1265 humili
791 1200 863 1266 loco
892 1205 1005 1266 natum
1028 1201 1175 1287 adpellat
1189 1204 1220 1285 ³)
1254 1201 1351 1266 cuius

197 1300 337 1366 familiae
360 1304 387 1366 si
412 1301 476 1369 Gn.
500 1303 639 1370 Naevius
668 1307 755 1380 eret,
779 1306 866 1389 quod
893 1327 933 1368 ne
955 1308 1137 1370 statuamus
1161 1305 1255 1370 nihil
1288 1325 1344 1368 nos

193 1406 347 1492 impedit,
370 1407 445 1473 inde
467 1409 531 1472 iam
555 1408 743 1479 concludere
764 1409 856 1485 licet,
887 1409 976 1473 illum
999 1410 1160 1500 principes
1192 1411 1342 1476 civitatis

195 1510 270 1576 odio
300 1516 532 1597 persequutum
564 1534 651 1588 esse,
681 1533 818 1596 quorum
846 1514 925 1578 nulli
948 1537 982 1580 se
1004 1515 1111 1601 gratia
1141 1516 1340 1580 devinctum

197 1617 349 1692 sentiret,
381 1639 481 1700 quum
509 1617 607 1682 ceteri
627 1621 744 1703 poetae
766 1619 820 1702 qni
842 1618 897 1683 illo
928 1623 1075 1706 tempore
1095 1619 1227 1684 Romae
1263 1617 1339 1684 clari

194 1717 273 1784 fecti
302 1723 378 1784 eunt
412 1721 515 1807 magis
545 1723 689 1786 minusve
718 1745 738 1785 a
765 1724 964 1810 principibus
993 1724 1133 1789 civitatis
1166 1724 1338 1790 beneficiis

195 1828 391 1891 tenerentur.
437 1825 617 1912 Praecipue
639 1849 715 1892 vero
745 1819 860 1900 contra
882 1830 963 1896 duos
990 1830 1163 1895 verborum
1192 1828 1351 1912 fulmine

194 1930 350 2008 vibravit,
382 1934 495 1996 contre
525 1929 708 2018 Scipionem
738 1937 772 1997 et
799 1939 913 1999 contra
942 1934 1122 1999 Metellum.
1176 1931 1336 2012 Quorum

193 2035 283 2099 illum
306 2035 422 2120 quibus
442 2036 548 2102 verbis
570 2037 710 2102 Naevius
733 2038 879 2114 laeserit,
912 2037 1035 2104 Gellius
1067 2039 1247 2127 memoriae
1272 2043 1351 2102 tra¹

195 2141 278 2206 didit
289 2141 330 2224 4)‚
353 2163 453 2226 quum
477 2142 562 2206 enim
583 2143 724 2208 narrarit
746 2143 785 2208 P.
810 2143 993 2230 Scipionem
1015 2141 1204 2207 Africanum
1232 2129 1351 2206 maio?

194 2263 262 2310 naen
285 2244 483 2331 Carthagine
509 2267 594 2310 nova
616 2251 818 2335 expugnata,
847 2248 1004 2332 virginem
1027 2226 1207 2333 Hispanam
1231 2248 1351 2331 invio}

83 2413 89 2428 ,
194 2349 294 2414 letam
309 2352 396 2438 patri
410 2351 597 2430 reddidisse,
622 2354 729 2418 addit:
753 2351 844 2430 „Nos
860 2352 938 2416 satis
953 2349 1142 2416 habebimus
1161 2352 1196 2415 id
1211 2351 1333 2424 dicere,
1350 2335 1351 2412 l

195 2453 379 2541 Scipionem
411 2457 529 2534 istum,
563 2480 681 2524 verone
703 2482 743 2522 an
766 2457 847 2521 falso
879 2439 1051 2533 incertum,
1086 2457 1174 2520 fama
1207 2455 1351 2529 tamen‚l

193 2582 294 2645 quum
317 2565 402 2626 esset
426 2561 626 2640 adolescens,
654 2564 741 2628 haud
763 2563 887 2630 sincera
907 2559 1007 2626 fuisse
1027 2551 1061 2652 et
1089 2559 1332 2647 propemodum

194 2666 385 2743 constitisse,
406 2667 503 2732 hoece
524 2690 636 2734 versus
658 2691 679 2732 a
695 2665 759 2732 Gn.
780 2665 902 2732 Naevio
924 2670 1024 2752 poeta
1043 2667 1076 2730 in
1097 2687 1171 2729 eum
1187 2663 1332 2749 scriptos

194 2793 280 2836 esse:

236 2875 347 2941 Etiam
371 2878 426 2962 qui
448 2900 499 2943 res
522 2897 655 2964 magnas
678 2897 774 2940 manu
796 2897 899 2962 saepe¹
913 2876 1014 2960 gessit
1036 2873 1177 2960 gloriose
1232 2905 1234 2910 ·

239 2979 341 3047 Cuius
356 2982 444 3048 facta
459 2985 532 3049 viva
546 3003 631 3047 nunc
645 2981 756 3068 vigent
772 2981 828 3065 qui
843 2979 931 3066 apud
945 2983 1061 3066 gentes
1076 2979 1163 3044 solus
1179 2979 1327 3064 praestat

236 3087 324 3152 Eum
347 3111 424 3154 enus
446 3092 635 3176 paterenus
659 3085 757 3173 pellic
780 3107 845 3150 uno
868 3085 908 3150 ab
932 3085 1035 3150 amice
1057 3084 1226 3150 abduxit.“
1241 3085 1266 3165 ⁵)

280 3175 421 3260 Naevius
443 3193 581 3257 fortasse
610 3191 673 3256 boc
701 3213 812 3256 versus
839 3189 894 3255 illo
915 3190 988 3276 ipso
1010 3193 1156 3275 tempore
1186 3187 1325 3273 protulit

194 3321 258 3382 quo
287 3297 374 3363 fama
403 3297 487 3362 illius
509 3295 587 3362 facti
617 3295 706 3380 quod
730 3293 854 3364 Gellius
881 3297 992 3359 namet
1014 3316 1072 3380 per
1101 3294 1244 3363 omnium
1267 3314 1324 3356 ora

266 3531 287 3590 ¹)
305 3527 340 3579 Ut
363 3534 422 3592 post
442 3526 537 3576 maltos
561 3541 642 3576 sucos
666 3527 771 3576 atellani
793 3526 921 3591 principes
943 3526 1071 3575 laeserunt
1095 3537 1129 3574 ex
1151 3529 1265 3587 ternpore
1287 3519 1318 3572 ci.

194 3617 298 3668 Sueten.
324 3615 404 3678 Oelig.
431 3615 462 3662 at
489 3621 536 3664 etc.
574 3612 606 3663 cf.
633 3613 756 3664 Stieviunr
781 3615 813 3664 de
837 3616 873 3663 rei
898 3613 1014 3662 scenicae
1038 3613 1113 3676 apud.
1133 3611 1207 3676 Rom.
1226 3609 1321 3672 origine

193 3705 361 3754 Remittat
380 3717 403 3766 p.
418 3705 510 3751 59.·-
526 3700 548 3762 ²)
567 3700 599 3751 ci.
618 3699 674 3752 Liv.
695 3705 737 3760 38,
756 3705 797 3751 56.
813 3727 843 3739 -
859 3702 880 3762 ⁸)
899 3700 931 3751 ci.
946 3698 1000 3749 Oia:
1019 3713 1066 3762 pro
1079 3698 1166 3759 Quint.
1187 3705 1212 3758 ³,
1234 3703 1317 3746 11.-

193 3792 215 3853 ⁴)
235 3790 268 3840 ci.
288 3789 353 3839 Geli.
372 3789 403 3840 N.
421 3789 455 3839 A.
476 3790 499 3850 7,
519 3794 544 3850 8,
569 3795 591 3838 a.
618 3815 650 3825 —-
676 3789 698 3849 ὖ)
717 3788 813 3838 Versus
837 3788 895 3836 dedi
914 3802 948 3836 ex
971 3787 1119 3836 recensione
1139 3785 1170 3834 0.
1190 3781 1318 3835 Ribbeckii

194 3891 257 3926 eom.
271 3877 325 3926 rell.
337 3877 416 3927 Nece.
430 3878 479 3926 inc.
491 3875 542 3926 feb.
555 3878 605 3937 ΠΙ,
619 3885 683 3939 quos
701 3891 779 3939 qnum
797 3883 874 3924 antee
891 3875 939 3922 viri
959 3874 1028 3922 docti
1048 3873 1178 3922 saturnios
1197 3886 1251 3921 esse
1268 3883 1317 3918 ere·

193 3965 327 4024 didiscerat,
351 3965 537 4015 Kluesmannus
556 3973 581 4013 et
597 3963 778 4012 Fleckeisenus
797 3977 837 4026 ep.
857 3963 912 4011 crit
932 3961 965 4010 ad
983 3962 1020 4011 M.
1038 3959 1176 4010 Her-tainus
1194 3975 1219 4022 p.
1238 3961 1269 4006 tt
1286 3971 1316 4005 ex

154 4070 159 4086 =
193 4053 326 4102 comoedis
344 4069 388 4103 cos
407 4060 520 4118 sumptos
539 4065 595 4102 esse
613 4051 737 4100 viderunt.
