2734 4610
208 1330 209 1334 ψ
250 1331 319 1422 os.
346 1328 419 1424 oo.
452 1328 616 1424 olum
645 1257 830 1432 Pomm
860 1300 985 1458 ull.
1090 1271 1123 1282 -

46 1703 175 1786 Multis
205 1722 350 1788 virorum
380 1721 640 1786 doctissimorum
678 1721 793 1786 studiis
823 1743 861 1788 eo
890 1722 955 1790 iam
983 1705 1188 1808 pervenimus

47 1825 88 1886 ut
113 1827 140 1890 si
164 1827 235 1910 quis
258 1826 299 1890 de
320 1824 482 1892 veteribus
504 1826 608 1912 poetis
624 1825 751 1889 Latinis
774 1827 913 1892 seribere
935 1827 1139 1914 constituerit
1160 1828 1190 1894 ei

49 1954 118 2022 non
140 1953 221 2016 opus
234 1931 288 2000 ,sit
311 1931 421 1996 multis
443 1929 551 1998 verbis
574 1929 690 2014 quibus
712 1929 818 2000 locum
847 1953 940 1997 sunm
963 1931 1049 1996 hisce
1072 1933 1188 1996 studiis
1269 1923 1274 1932 ’

47 2035 192 2106 vindicet
212 2037 298 2102 inter
319 2039 428 2102 cetera
443 2035 551 2102 studia
568 2034 787 2118 antiquitatis;
810 2033 915 2098 oleum
932 2035 1015 2098 enim
1038 2037 1190 2122 perderet
1231 2117 1235 2132 Ι

48 2142 106 2224 qui
129 2140 203 2206 hine
230 2141 373 2206 lauream
404 2142 572 2226 reportare
602 2138 709 2202 vellet.
754 2137 902 2222 Namque
924 2161 1026 2225 nuper
1044 2140 1189 2228 *vidimps
1294 2133 1295 2140 ἵ

46 2246 137 2308 viros
157 2246 266 2312 nostri
297 2245 419 2313 ordinis
447 2244 682 2312 illustrissimos
712 2265 840 2308 summo
870 2243 991 2308 honore
1013 2245 1134 2308 versari
1155 2246 1204 2308 iu·

46 2348 137 2414 hisce
159 2349 290 2425 studiis,
325 2350 433 2432 quiin
457 2370 567 2416 omnes
591 2351 701 2435 partos
723 2347 843 2434 ingenii
869 2347 977 2412 lumen
1004 2349 1189 2414 effirderunt
1272 2369 1274 2376 ¹

47 2452 265 2536 tenebrasque
286 2453 501 2520 illustrarunt.
544 2453 591 2518 Hi
605 2453 707 2537 igitur
730 2453 818 2535 quod
835 2452 945 2530 multis
967 2451 1045 2518 loeis
1067 2454 1189 2538 passim
1233 2535 1238 2546 ⁸

47 2557 90 2620 de
118 2557 243 2622 Naevio
268 2561 366 2643 poeta
399 2559 592 2621 censuerunt
629 2556 780 2642 colligere
814 2558 1010 2641 propriaque
1037 2557 1188 2622 Minerva

47 2659 105 2724 hie
125 2660 190 2724 illio
212 2683 285 2724 mea
304 2661 425 2726 adicere
448 2657 620 2736 constitui,
650 2664 808 2744 utquam
832 2659 1098 2746 perfectissimam
1121 2660 1186 2725 effi-

45 2765 135 2851 giem
168 2764 261 2830 huius
289 2769 404 2852 poetae
431 2766 599 2830 redderem
629 2765 719 2830 cuius
749 2763 861 2828 laudes
887 2766 1073 2851 praedicare
1102 2787 1188 2832 nune

44 2869 122 2934 nolo
146 2892 245 2954 quum
267 2871 339 2956 ipsa
353 2874 466 2936 nostra
478 2871 671 2956 disputatio,
695 2870 803 2960 oredo,
827 2887 881 2932 eas
901 2869 973 2934 luce
995 2871 1074 2935 satis
1100 2870 1187 2936 clara

47 2978 222 3040 ostensura
244 2975 305 3040 sir:
342 2973 411 3040 Nee
433 2973 545 3040 metuo
561 2997 601 3040 ne
617 2975 688 3058 quis
705 2973 817 3064 credat
839 2995 890 3038 me
904 2978 1039 3054 noctuas
1055 2977 1188 3059 portare

47 3079 204 3155 Athenas,
227 3079 316 3162 quod
339 3075 527 3148 ,Schuettius
550 3083 647 3164 atque
662 3077 901 3142 Klussmannus
921 3077 1035 3152 eodem
1056 3099 1187 3142 munere

47 3181 150 3248 functi
173 3184 238 3246 sint
259 3184 349 3266 quod
371 3205 433 3269 ego
455 3184 618 3269 suscipere
640 3202 752 3260 coner,
785 3184 922 3264 uterque
948 3181 1032 3246 enim
1056 3181 1188 3255 carebat

47 3286 86 3349 iis
108 3286 207 3352 rebus
230 3309 312 3370 quae
335 3309 439 3373 nuper
461 3289 591 3352 demum
613 3289 647 3352 in
669 3287 772 3352 lucem
787 3286 935 3372 prolatae
958 3290 1050 3362 sunt;
1073 3286 1187 3352 Kluss
1320 3353 1325 3358 ,

49 3412 183 3454 mannus
205 3394 391 3476 praeterea,
416 3413 610 3478 quamquam
635 3392 753 3456 multas
776 3412 828 3455 res
851 3390 963 3456 attulit
985 3413 1065 3474 quas
1088 3395 1213 3478 grato·

48 3493 155 3559 animo
178 3496 321 3580 accipere
343 3495 513 3572 debemus,
544 3498 614 3583 ipse
637 3496 725 3560 nulla
748 3495 809 3564 alia
836 3495 961 3565 ratione
983 3489 1017 3560 in
1038 3497 1076 3558 iis
1099 3496 1185 3580 dige-

48 3598 154 3662 rendis
176 3621 255 3664 usus
270 3621 340 3664 esse
361 3601 492 3665 videtur
513 3623 612 3684 quam
634 3604 673 3664 ut
696 3623 822 3664 summa
844 3601 978 3666 audacia
1008 3599 1184 3664 sententias

47 3703 208 3788 proferret
237 3725 321 3787 quae
350 3705 438 3770 nullo
467 3705 567 3770 modo
595 3707 698 3770 teneri
726 3707 874 3791 possunt.
924 3704 1025 3768 Hisce
1050 3704 1183 3768 veroin

48 3807 288 3892 quaestionibus
319 3811 426 3875 animo
456 3811 574 3896 cupido
601 3811 679 3875 nihil
708 3809 821 3897 profici
851 3831 947 3873 sanus
974 3808 1109 3892 quisque
1138 3808 1183 3872 in-

48 3905 187 3998 tellegit'
229 3913 349 4004 Totam
373 3915 473 4002 igitur
493 3937 563 3980 rem
578 3917 796 3982 instauremus
818 3917 856 3979 ut
871 3913 952 3978 bene
967 3914 1185 3979 discernamus

48 4017 124 4102 quid
147 4019 271 4084 eertum
294 4019 373 4103 quid
395 4018 562 4105 probabile
585 4021 663 4105 quid
684 4020 800 4084 falsum
823 4019 875 4098 sit.

864 4133 870 4147 r
948 4147 959 4192 1
1026 4153 1030 4158 ⁴
