2712 4630
565 219 604 278 97

6 411 75 484 tur,
102 410 214 472 censat
243 407 326 471 enim
355 403 495 471 fabulam
526 428 641 472 nomen
663 406 742 471 illud
763 429 828 472 non
852 388 1053 492 accepisset
1077 425 1146 492 per·

8 513 143 578 sonatis
164 510 373 576 histrionibus
396 510 454 576 sed
475 511 516 578 ab
537 511 720 578 hominibus
742 513 797 598 qui
811 512 942 599 proprie
958 510 1147 576 dicebantur

9 619 193 706 personati,
216 616 256 682 ab
280 616 425 682 atellanis
448 617 644 706 scilicetpqui
666 619 711 684 sic
733 621 809 704 post
831 617 949 682 multos
972 637 1071 680 annos
1093 639 1147 682 no

10 723 225 788 minabantur
248 744 286 787 co
315 726 461 808 tempore
490 744 554 807 quo
567 753 570 760 r
583 723 755 788 histriones
783 722 928 810 personis
958 722 1009 786 uti
1038 742 1148 807 coepe-

10 835 100 896 runt.
149 829 234 906 Tum
265 828 383 914 igitur,
417 850 515 912 quum
545 829 622 893 haec
654 827 764 892 fabula
797 829 915 893 iterum
950 828 1107 914 agebatur
1128 849 1149 892 a

11 935 200 1022 personatis
223 931 382 1019 adpellata
404 935 454 996 est
476 937 658 1019 personata.
681 933 773 998 Haec
794 933 965 1019 explicatio
988 933 1068 998 adeo
1083 955 1149 998 om·

14 1063 72 1103 nes
94 1038 304 1114 difficultates
327 1039 411 1104 illius
432 1039 495 1103 loci
516 1038 603 1103 tollit
631 1043 669 1103 ut
696 1039 905 1125 supersedere
931 1038 1025 1104 liceat
1054 1037 1150 1124 plura
1248 1097 1256 1114 ‚

19 1144 137 1210 addere
157 1144 273 1230 quibus
295 1143 484 1226 fulciatur.¹)
1122 1227 1124 1232 Ι

104 1249 260 1315 Personis
292 1269 386 1325 vcro,
416 1247 769 1333 inquit-Diomedes),
804 1250 854 1313 uti
883 1249 1008 1334 primus
1042 1249 1149 1337 coepit

18 1355 155 1420 Roscius
169 1353 292 1431 Gallus,
315 1342 505 1442 praecipuus
521 1354 646 1431 histrio,
669 1349 757 1438 quod
778 1353 877 1418 oculis
900 1354 1057 1419 obversus
1079 1358 1150 1420 erat

18 1481 73 1525 nec
96 1461 179 1525 satis
200 1461 336 1526 decorus
358 1459 391 1525 in
402 1459 428 1549 ³)
457 1461 602 1547 personis
631 1459 692 1523 nisi
719 1460 879 1545 parasitus
907 1458 1148 1546 pronuntiabat.

15 1564 142 1630 Festus
169 1567 267 1651 igitur
296 1587 362 1642 seu,
393 1588 487 1650 quem
519 1567 681 1650 sequitur,
705 1565 839 1631 Verrius
862 1564 997 1630 Flaccus
1027 1566 1150 1629 censuit

14 1669 106 1734 hanc
128 1667 401 1735 Naevii‘fabulam
424 1676 499 1756 post
520 1671 607 1736 illam
619 1671 726 1737 Roscii
744 1669 831 1736 Galli
853 1671 1010 1736 actionem
1033 1694 1149 1736 novam

15 1775 49 1838 id
67 1779 142 1840 est
168 1776 207 1840 de
239 1799 324 1842 novo
358 1797 427 1840 esse
457 1779 563 1840 actam
573 1779 608 1860 4).
655 1774 866 1857 Comoediam
900 1777 982 1842 hanc
1008 1776 1150 1842 fabulam

20 1879 119 1946 luisse
152 1881 312 1967 colligitur
344 1882 418 1946 inde
449 1880 536 1966 quod
565 1881 605 1945 ab
638 1881 783 1945 atellanis
814 1881 971 1970 agebatur
1001 1886 1034 1947 ct
1063 1883 1151 1966 quod

22 1985 88 2070 ipsc
109 1986 231 2052 Festus
254 1987 331 2052 dicit
346 1990 502 2073 „propter
517 1987 656 2072 inopiam
673 1986 930 2059 comoedorum“.
969 1988 1150 2074 Ingenuum

21 2088 149 2156 fabulae
171 2111 289 2156 nomen
310 2092 457 2176 ignotum
481 2095 540 2168 est,
564 2092 591 2155 si
604 2096 699 2156 ‘recte
720 2092 844 2157 censuit
862 2091 980 2158 Festus
1002 2113 1060 2158 nec
1082 2095 1151 2180 ipse

21 2193 163 2264 Naevius
187 2201 390 2281 personatam
413 2195 577 2263 mulierem
599 2199 633 2262 in
655 2217 693 2262 ea
713 2197 877 2284 produxit.

268 2427 432 2512 XLVII.
495 2429 903 2515 PHILEMPORUS.

97 2580 129 2630 cf.
146 2584 330 2636 Klussmannus
348 2601 373 2650 p.
395 2589 451 2634 los.

112 2719 352 2809 Philemporum
375 2721 490 2787 Naevii
518 2745 612 2789 neruo
639 2727 730 2791 novit
756 2728 885 2812 praeter
906 2723 1151 2810 Fulgentium⁵)

24 2827 77 2907 qui
103 2847 142 2889 ex
163 2848 201 2894 ea
220 2828 332 2892 laudat
354 2849 483 2893 versum
565 2889 567 2898 ,
1143 2831 1145 2836 ’

156 2930 368 3018 „isculponeis
390 2932 530 2998 batenda
550 2932 624 3000 huic
648 2939 724 3018 suut
744 2935 847 3000 latera
868 2933 1002 3022 probe.“
1097 3015 1100 3020 Ι

29 3071 258 3086 u—-u———.

95 3146 116 3205 ¹)
134 3143 193 3193 Hoc
209 3153 307 3196 tantum
332 3145 400 3194 addo
418 3146 520 3196 Festum
545 3147 705 3210 respondero¹
723 3147 837 3210 potuisse
854 3145 966 3195 fabulam
985 3147 1092 3211 primum
1111 3147 1152 3210 agi

25 3243 71 3280 non
92 3232 206 3295 potuisse
224 3249 240 3282 a
257 3231 398 3298 personatis
416 3233 579 3283 histrionibus
599 3235 676 3296 quum
695 3233 731 3282 illi
750 3234 775 3281 id
794 3235 916 3297 temporis
928 3235 1040 3294 nondum
1054 3242 1153 3284 uteren-

26 3327 63 3368 tur
81 3321 206 3386 personis.
243 3320 294 3372 Sed
312 3337 363 3371 uon
381 3305 513 3386 reipondit
531 3330 626 3385 aperta,
645 3336 798 3384 quamquam
823 3322 886 3372 latct
903 3323 1035 3388 responsio
1054 3323 1080 3382 in
1097 3337 1153 3372 rer·
1210 3385 1215 3394 .
1242 3373 1251 3389 s

27 3405 61 3458 bis
81 3423 157 3469 „caru
175 3417 234 3472 post
251 3409 342 3458 multos
362 3425 441 3460 anuos
460 3410 576 3460 comoedi
595 3417 621 3458 st
637 3410 752 3473 tragoedi
771 3411 885 3474 personis
898 3409 933 3460 uti
947 3411 1109 3475 coeperunt“.
1120 3437 1151 3446 -

27 3494 45 3554 ²)
64 3511 89 3560 p.
109 3501 159 3546 teo
178 3497 207 3546 P.
228 3523 259 3530 —
280 3497 301 3559 3)
319 3497 376 3562 lege
395 3505 439 3546 aut
457 3493 514 3547 cum
533 3497 630 3560 Laagio
649 3513 673 3562 p.
694 3503 726 3548 4³
746 3499 817 3560 ,sine
833 3499 965 3563 personis“
984 3507 1028 3548 aut
1052 3499 1151 3560 „inper-

26 3586 153 3634 sonatus“.
172 3612 204 3619 —
223 3586 246 3647 ⁴)
265 3583 348 3644 Quum
366 3586 484 3635 Donatus
509 3586 540 3636 de
564 3599 628 3634 com.
648 3585 716 3634 dicat
739 3587 885 3651 „personati
911 3587 984 3650 primi
1008 3587 1091 3650 egisse
1113 3586 1151 3636 di-

27 3680 115 3722 cuntur
133 3674 292 3722 comoediam
305 3673 407 3724 Cincius
420 3673 543 3735 Faliscus,
561 3674 717 3737 tragoediam
736 3665 1024 3734 MinatiusProt'imus“‚
1044 3689 1151 3738 quorum
1232 3737 1233 3742 Ἰ
1306 3735 1310 3744 Ι

26 3757 138 3810 Faliscus
156 3769 227 3810 actor
246 3761 413 3812 Terentianae
433 3762 608 3826 Adelphorum
628 3770 690 3822 crat,
707 3755 841 3812 Diomedis
866 3761 1036 3812 testimoninm
1058 3761 1151 3812 ialsum

27 3861 80 3896 cssc
104 3859 217 3912 apparet.
252 3850 363 3899 Accedit
387 3851 454 3914 quod
478 3850 596 3900 Donatus
619 3852 646 3899 in
671 3848 750 3916 prael.
770 3850 804 3899 ad
821 3849 955 3915 Adelphos
982 3849 1056 3899 dicit:
1085 3849 1151 3900 baec

26 3949 86 3985 sanc
104 3944 162 3986 acta
181 3945 219 3986 est
236 3937 303 3987 ludis
326 3938 433 3988 scenicis
460 3937 608 3988 funebribus
626 3939 655 3988 L.
674 3938 778 3988 Aemilii
797 3937 871 3987 Pauli
891 3937 1022 4002 agcndbus
1041 3938 1069 3988 1..
1087 3938 1151 3988 Am·

26 4023 92 4073 bivio
111 4033 137 4074 et
152 4025 183 4074 L.
201 4027 353 4092 (Turpione)
372 4061 378 4074 .
398 4066 428 4087 .,.
449 4028 491 4090 qui
516 4042 574 4076 cum
598 4027 649 4076 suis
667 4025 787 4092 gregibus
805 4025 856 4074 iam
874 4032 927 4074 tum
945 4018 1073 4090 personati
1091 4039 1151 4088 age·

26 4111 109 4164 baut“
128 4139 160 4150 -
180 4114 202 4178 ὓ)
219 4131 243 4179 p.
264 4119 314 4166 562
334 4114 369 4164 M.

916 4213 932 4269 7
