2734 4610
605 139 625 197 9

29 325 77 388 ln
104 345 171 408 que
193 345 229 388 re
250 345 316 388 non
337 321 453 388 dubito
475 326 628 390 maiorem
648 325 744 390 fidem
761 323 874 392 Servio
892 322 1035 412 Sulpicio
1050 324 1178 400 hebere,
1277 347 1281 358 ·

31 428 97 512 qui
121 429 258 514 proprio
280 427 364 493 libro
387 429 426 493 de
447 451 483 493 re
505 431 620 495 uxoria
642 431 817 514 inquisivit,
841 450 941 516 quum
965 427 1089 495 Gellius
1110 430 1180 516 ipse

32 532 242 617 profitentur
272 555 307 598 se
336 555 395 600 nec
425 536 492 600 scri
520 558 579 601 nec
608 535 727 601 subtili⁴
745 555 825 601 cure
858 555 898 602 ex
928 535 1064 600 eliorum
1090 535 1180 600 libris
1308 591 1311 594 .

36 655 120 702 suus
141 659 193 701 res
216 639 426 724 congessisse.
938 659 939 664 ’

133 739 264 820 Quodsi
287 740 411 808 Gellius
434 743 542 830 paullo
571 749 649 830 post
671 745 765 823 dicit,
796 743 977 810 annis-fere
998 743 1179 828 quindecim

36 849 121 930 post
143 851 311 932 sumptum
334 835 405 914 esse
426 847 545 912 bellum
559 848 738 926 Punicum,
762 849 823 915 hoo
844 837 1063 936 nihil'probat
1083 868 1179 934 quem

38 947 191 1014 Gellium
213 950 294 1017 bene
316 957 521 1038 computasse
549 958 725 1041 postquam
748 953 846 1020 semel
873 976 993 1021 annum
1023 957 1085 1019 519
1116 956 1179 1018 ste

38 1056 166 1130 tuerit,
187 1078 252 1122 rem
274 1058 379 1144 ipsum
402 1078 467 1122 non
487 1057 606 1123 firmat.
1300 1117 1312 1124 .

137 1157 203 1224 Sed
223 1161 304 1228 haec
323 1161 364 1226 de
384 1162 444 1226 hec
463 1185 499 1228 re
514 1163 699 1228 sufficerent
714 1164 775 1228 nisi
791 1162 960 1229 Sohiittius
972 1165 998 1247 1)
1012 1163 1179 1228 obiecisset

39 1287 165 1330 annum
189 1271 251 1332 527
274 1283 344 1332 esse
365 1267 560 1332 reiciendum
576 1269 663 1353 quod
685 1271 757 1332 turn
780 1289 928 1334 censores
949 1267 1028 1331 nulli
1046 1267 1178 1342 fuerint,

39 1372 94 1435 cui
116 1371 183 1434 iam
206 1371 434 1456 Ritschelius2)
458 1394 522 1456 qua
542 1374 598 1440 nti
627 1373 711 1438 solet
736 1373 902 1460 ingeniose
927 1372 1089 1437 brevitate
1117 1391 1180 1435 res-

39 1475 177 1560 pondit,
208 1475 261 1540 hic
282 1477 411 1541 omnino
434 1478 474 1541 de
501 1477 689 1542 censoribus
719 1499 784 1543 non
807 1479 947 1564 quaeris
961 1480 1072 1542 narrat
1094 1476 1179 1540 enim

41 1579 172 1645 Gellius
196 1577 372 1653 Carvilium
395 1604 529 1648 uxorem
561 1584 691 1670 egregie
717 1583 866 1668 dilexisse
888 1583 946 1648 sed
973 1580 1179 1646 iurisiurandi

39 1683 232 1770 religionem
262 1687 368 1750 animo
398 1690 507 1772 atque
526 1689 629 1754 amori
658 1689 887 1776 praevertisse,
910 1688 1073 1754 iuraverat
1094 1687 1179 1752 enim

41 1791 133 1874 apud
154 1811 303 1856 censores
324 1813 460 1856 uxorem
483 1815 517 1857 se
530 1793 667 1858 liberum
692 1793 913 1878 quaerundum
934 1794 1040 1880 gretie
1061 1791 1180 1856 habere
1235 1778 1240 1787 “

41 1894 97 1974 (ef.
118 1893 202 1960 Gell.
219 1893 260 1960 N.
276 1897 319 1960 A«
338 1905 387 1974 17,
406 1901 461 1982 21)
480 1919 537 1963 seu
552 1895 749 1962 habiturum.
773 1897 871 1963 Unde
892 1881 1089 1984 intellegitur'
1105 1919 1178 1961 eum

41 2001 218 2084 postquem
234 2023 369 2065 uxorem
392 2003 522 2067 duxerit
543 2004 576 2068 in
598 2002 747 2088 proximo
762 2001 904 2067 fortusse
926 2023 1023 2066 censu
1038 2003 1178 2077 iurasse3
1281 2085 1283 2093 Α

40 2105 154 2188 itaque
183 2127 282 2190 quum
314 2106 438 2172 videret
470 2111 547 2194 post
574 2107 715 2192 aliquod'
735 2112 883 2195 tempus,
918 2107 1008 2172 cuius
1038 2107 1178 2192 spatium

43 2209 171 2274 definiri
185 2233 249 2276 non
264 2214 386 2298 potest,
408 2234 545 2278 uxorem
568 2213 711 2278 sterilem
731 2233 810 2290 esse,
835 2213 957 2277 dimisit
972 2233 1053 2278 eum.

133 2311 246 2394 Quum
276 2318 486 2382 statuerimus
515 2319 618 2405 igitur
647 2319 822 2385 divortium
849 2317 928 2384 illud
957 2317 1080 2382 factum
1109 2333 1179 2379 esse

41 2443 129 2484 enno
155 2427 216 2487 527
248 2421 344 2486 aliem
374 2425 593 2508 quaestionem
623 2424 726 2488 movit
747 2423 977 2508 Ritsehelius³)
1003 2421 1091 2485 hisce
1111 2419 1180 2484 fere

39 2526 166 2590 verbis:
200 2526 270 2603 „Ne
291 2527 354 2593 hoc
376 2529 506 2613 quidem
528 2529 608 2594 sutis
625 2527 823 2603 certumest,
840 2533 951 2592 utrum
966 2527 1080 2592 eodem
1095 2547 1179 2588 anno
1233 2589 1236 2598 ,
1265 2508 1270 2522 ’

42 2631 300 2715 quingentesimo
314 2630 551 2698 undetricesimo
567 2655 608 2697 sn
630 2633 743 2698 eodem
765 2653 829 2716 quo
847 2629 980 2711 Carvilii
1002 2629 1178 2694 divortium
1263 2661 1266 2670 ν

38 2734 170 2799 fuctum
193 2737 235 2800 sit
256 2737 392 2804 vuluerit
416 2737 541 2804 Gellius
565 2739 701 2826 datase
722 2737 847 2802 Naeuio
868 2735 993 2802 fabulas
1015 2733 1152 2800 dicere.“
1185 2759 1188 2765 ’

131 2842 242 2926 Atque
267 2843 465 2908 'Ritsohelius
495 2844 625 2928 quidem
655 2844 724 2930 ipse
746 2844 857 2908 censet
880 2840 1021 2908 Gellium
1052 2863 1117 2905 non
1139 2861 1181 2906 ex

39 2943 205 3010 factorum
227 2969 312 3012 nexu
335 2949 391 3012 sed
414 2971 463 3038 ex·
478 2970 635 3014 annorum
658 2949 770 3014 ordine
792 2948 881 3014 facte
894 2947 969 3012 hinc
983 2947 1068 3011 illlnc
1082 2945 1180 3009 ellstu

40 3072 211 3116 conserere
236 3054 428 3138 praesertim
447 3075 564 3137 quum
598 3073 663 3117 non
676 3101 677 3107 κ
691 3055 803 3139 petest
833 3053 911 3136 quid
939 3050 1057 3116 vinculi
1083 3050 1180 3113 inter-

40 3153 176 3221 cesserit
197 3157 282 3222 inter
298 3155 431 3224 Carvilii
453 3157 630 3226 divortium
654 3160 687 3222 et
709 3157 821 3221 Naevii
844 3154 980 3220 subules.
1013 3153 1092 3218 'Neo
1113 3155 1179 3218 scio

40 3261 119 3346 quid
141 3259 282 3348 proferri
304 3264 409 3348 possit
431 3267 545 3328 contra
567 3263 649 3327 hanc
670 3261 732 3328 viri
754 3258 931 3326 doctissimi
953 3259 1157 3326 sententiam.

130 3362 186 3431 Ex
207 3367 270 3432 elio
292 3368 393 3454 igitur
414 3367 505 3433 sonte
533 3357 615 3432 hunc
640 3387 709 3432 rem
732 3366 875 3431 hausisse
898 3363 1024 3432 Gellius
1051 3364 1180 3429 videtur

40 3473 74 3534 et
101 3469 282 3556 fortasse4)
306 3475 381 3560 ipse
398 3473 506 3540 Varro
535 3474 568 3536 in
596 3471 681 3536 libro
700 3471 870 3557 de'poetis
892 3471 999 3556 primo
1021 3467 1180 3534 Naevium

41 3597 125 3640 anno
149 3583 213 3647 519
236 3576 362 3642 fabulas
386 3579 533 3644 docuisse
558 3577 652 3641 dixit.
692 3575 748 3663 ut
776 3573 1051 3662 igiturbrevibus
1074 3571 1179 3637 verbis
1290 3631 1293 3644 ,

42 3682 234 3745 sententiam
260 3703 363 3747 meam
386 3684 427 3748 de
451 3681 548 3749 Gellii
569 3681 641 3748 loco
664 3679 878 3768 complectar,
902 3679 993 3755 dicit,
1021 3675 1179 3742 Naevium
1284 3757 1286 3762 Ι

115 3929 136 3992 ¹)
153 3943 179 3993 p.
203 3935 241 3979 14.
263 3954 304 3979 -.--
322 3929 344 3992 ¹)
362 3929 487 3979 Bitschsl:
503 3929 561 3979 Psr.
580 3944 605 3993 p.
626 3933 674 3981 ees
693 3953 727 3964 -
754 3925 775 3988 ⁸)
794 3927 852 3976 Pur.
870 3939 895 3989 p.
915 3927 957 3978 68.
985 3949 1019 3960 ·-
1037 3924 1060 3986 ⁴>
1079 3922 1174 3984 Quem·

44 4032 119 4081 quem
137 4007 186 4082 pro
204 4024 274 4067 serto
294 4017 356 4067 dicit
373 4017 560 4068 Klussmsnnrs
577 4030 603 4080 p.
625 4021 656 4066 1³
675 4021 767 4066 testem
783 4013 858 4082 huius
876 4011 913 4062 rei
934 4015 991 4062 es'ss
1009 4011 1160 4062 Varronem.
