2712 4630
765 138 911 198 ass

304 327 427 394 Novius
447 328 613 412 'nunquam
635 327 827 412 composuit.
860 327 978 412 ltaque
999 331 1088 396 recte
1109 329 1173 396 iam
1189 331 1305 396 lunius
1323 313 1352 422 'l

218 435 361 520 margine
382 433 554 520 adscripsit
564 431 698 499 Pacuvii
718 453 845 510 nomen,
868 429 974 518 quem,
998 435 1086 519 quod
1108 435 1217 514 sciam,
1241 459 1296 501 om

217 540 345 624 sequuti
367 542 444 604 sunt
466 542 598 626 praeter
619 537 819 621 Hertzium1)
841 540 896 624 qui
911 537 1017 604 Novio
1032 540 1171 606 Paulum
1191 543 1332 608 concedi

216 646 411 730 auctoritate
430 643 651 710 Nonianorum
673 642 830 709 librorum
854 647 971 722 motus,
1003 647 1037 710 et
1058 650 1186 732 praeter
1210 645 1348 714 Grauer

215 755 316 836 sume)
338 752 393 836 qui
415 772 514 834 quum
538 751 632 813 antea
653 747 828 817 hariolatus
851 750 893 814 sit
906 749 1065 824 Naevium
1088 753 1298 838 scripsisseP

215 856 282 920 lum
306 877 440 940 eamque
469 853 612 920 fabulam
636 855 770 919 eandem
793 843 981 940 essentque
1002 857 1228 938 Demetrium,
1257 861 1293 926 in

216 965 325 1028 tumen
348 961 532 1044 acquiescit,
556 964 594 1025 ut
615 958 675 1026 soli
697 959 840 1026 Pacuvio
863 961 1002 1032 Paulum
1023 962 1192 1048 relinquat

570 1191 698 1277 xcv.
751 1193 987 1277 runnux.
1231 1163 1232 1168 ‘

230 1337 232 1344 ’
286 1347 319 1404 cf.
337 1313 460 1399 Ribbeck.
481 1365 544 1400 com.
564 1351 609 1400 rel.
631 1356 712 1414 p.15.

268 1560 271 1564 ⁴
304 1485 466 1568 ,‚Naevius
488 1486 632 1554 Pellicc“
660 1486 781 1574 legitur
803 1488 890 1574 apud
911 1487 1090 1574 Nonium³)
1116 1490 1203 1575 quod
1233 1515 1338 1558 nomer

133 1597 135 1602 ’
215 1593 353 1660 Bothius
375 1596 461 1659 recte
484 1594 622 1658 mutavit
644 1592 676 1656 in
698 1592 862 1678 ‚,pellice“.
893 1593 1031 1660 Praeter
1052 1595 1114 1662 hoc
1128 1595 1335 1683 fragmentum

214 1698 293 1764 nihil
315 1720 356 1762 ex
377 1695 487 1762 fabula
509 1697 670 1774 „Pellice“
693 1720 829 1783 usquam
851 1698 1004 1766 laudatur
1026 1723 1129 1786 neque
1151 1703 1248 1766 adest
1269 1703 1352 1782 alius¹

212 1807 329 1892 poetae
351 1825 467 1883 nomen
483 1803 538 1887 qui
553 1802 704 1870 Pellicem
720 1805 895 1892 scripserit,
918 1804 1043 1872 Naevio
1058 1799 1158 1893 igitur
1174 1806 1328 1874 tribuenda

214 1913 283 1987 est,
317 1910 407 1974 cuius
441 1909 624 1995 exemplum
651 1909 715 1977 fuis
749 1914 806 1976 out
827 1910 973 1974 Alexidis
1003 1914 1061 1976 aut
1089 1912 1267 1978 Menandri
1290 1915 1332 1978 aul

138 2036 144 2044 '
213 2015 338 2102 Diphili
359 2013 510 2096 παλλακή.
697 2010 699 2016 ,
917 2030 923 2038 ”

494 2211 640 2296 XLVI.
703 2210 1056 2296 PERSONATA.

172 2371 183 2392 ⁸
284 2367 315 2418 cf.
335 2369 458 2418 Ribbeck.
480 2351 544 2418 conr.
565 2357 609 2418 rel.
629 2383 655 2434 p.
672 2373 710 2418 15.

222 2557 223 2560 ,
254 2463 258 2472 Ι
299 2505 354 2580 De,
385 2505 500 2572 Naevii
531 2511 705 2592 personate
737 2466 881 2594 loquitur
913 2507 1033 2575 Festus
1042 2507 1069 2596 ⁴)
1075 2555 1087 2585 ,
1120 2509 1210 2574 cuius
1234 2507 1339 2590 *verbs

211 2611 312 2696 quum
334 2634 438 2690 nemo,
462 2614 551 2697 quod
572 2614 671 2678 sciam
694 2613 799 2678 adhuc
819 2616 907 2679 recte
928 2614 1162 2701 interpretetus
1184 2613 1269 2702 sit5),
1294 2614 1335 2678 ad-

74 2737 76 2742 ·
211 2741 346 2805 ponam:
364 2718 572 2795 v„Personata
594 2717 703 2784 fabula
726 2718 882 2803 quaedam
905 2716 1006 2784 Naevi
1028 2718 1222 2794 inscribitur,
1248 2741 1338 2802 quem

210 2825 328 2910 putant
362 2823 492 2907 quidam
526 2824 667 2908 primum
696 2823 831 2911 [actam]
861 2847 880 2888 a
908 2826 1088 2910 personatis
1121 2824 1338 2900 histrionibus,

211 2929 268 2994 sed
290 2931 461 3015 cumpost
483 2927 602 2994 multos
625 2951 725 2994 annos
748 2929 892 3010 comoedi
915 2933 948 2994 et
962 2930 1118 3022 tragoedi
1132 2931 1280 3016 personis
1297 2931 1352 3022 uti¹

211 3036 401 3121 coeperunt,
430 3034 500 3099 veri
522 3033 656 3114 similius
678 3036 745 3111 est,
777 3056 847 3098 eam
877 3033 1020 3101 fabulam
1044 3038 1178 3122 propter
1200 3036 1341 3123 inopiam

116 3133 119 3143 '
211 3141 438 3206 comoedorum
461 3141 566 3204 actam
588 3162 705 3205 novam
728 3163 786 3226 per
810 3139 965 3206 atellanos
992 3141 1047 3225 qui
1078 3141 1209 3228 proprie
1230 3163 1334 3208 vccan

209 3249 265 3312 tur
286 3247 464 3332 personati,
487 3247 564 3330 quia
585 3245 635 3311 ius
658 3249 707 3310 est
728 3233 756 3310 is
778 3267 843 3312 non
865 3247 938 3332 cogi
959 3246 993 3310 in
1017 3267 1112 3311 scens
1130 3267 1252 3346 ponere
1274 3271 1343 3333 per-

210 3373 332 3428 sonum,
353 3352 441 3436 quod
462 3351 577 3450 ceteris
600 3350 810 3417 histrionibus
833 3351 904 3437 pati
926 3373 1055 3417 necesse
1077 3354 1160 3416 est.“

154 3447 158 3462 ‘
298 3457 391 3522 Haeo
409 3457 508 3522 verba
533 3456 628 3546 aliter
654 3456 808 3544 explicari
837 3461 1001 3542 nequeunt
1030 3477 1127 3542 quam
1157 3457 1219 3522 sic:
1257 3455 1345 3524 Non-

209 3563 288 3628 nulli
308 3565 426 3650 putant
445 3563 527 3627 hanc
541 3561 683 3627 fabulam
699 3584 798 3648 quum
813 3563 953 3649 primum
970 3567 1131 3649 ageretur,
1151 3566 1258 3626 actam
1274 3585 1346 3629 esse

85 3711 88 3716 -
210 3693 231 3735 a
251 3671 431 3756 personatis
452 3667 678 3746 histrionibus,
708 3669 767 3734 scd
787 3667 888 3734 Festo
911 3668 989 3734 haec
1011 3669 1121 3756 opinio
1141 3690 1206 3734 non
1228 3669 1345 3754 proba

208 3798 446 3820 ...ff-0*—

283 3869 302 3929 1)
321 3845 345 3930 ρζ
366 3871 425 3916 aaa.
447 3893 477 3902 -
498 3867 519 3928 ²)
537 3866 629 3916 runi.
648 3865 683 3915 11.
701 3881 726 3929 p.
749 3827 804 3915 rei.
825 3891 858 3902 -
879 3865 900 3928 ⁸)
918 3880 942 3930 p.
962 3869 1013 3915 nna
1032 3865 1067 3916 u.
1087 3891 1120 3901 -
1147 3866 1171 3927 ⁴)
1190 3879 1215 3928 p.
1234 3867 1285 3916 arr
1308 3868 1344 3918 n.

210 3955 232 4019 ⁵)
250 3954 294 4006 Sic
313 3954 388 4004 stiam
400 3954 574 4006 Mommssnus
592 3950 627 4008 1b
641 3969 665 4018 p
679 3957 729 4004 865
748 3952 844 4004 fallitur
863 3967 939 4018 quum
959 3953 1028 4016 dicit,
1045 3954 1176 4004 Romanos
1193 3953 1259 4004 adso
1275 3955 1346 4016 Nas-

209 4043 245 4094 sii
262 4050 346 4094 sesan
364 4043 463 4108 eguisse
481 4043 644 4094 histrionibus
664 4045 693 4092 nt
709 4056 761 4092 nna
779 4039 868 4092 Nssrii
886 4039 975 4092 isbnls
992 4042 1025 4093 sb
1042 4041 1158 4093 atellanis
1176 4047 1235 4091 ecte
1253 4041 1293 4098 ιλ
