2734 4610
328 1225 330 1232 ,
391 1213 403 1264 ,
472 1112 476 1117 ’
641 1155 703 1246 on
736 1077 953 1270 areuna

231 1439 409 1540 Quotquot
437 1457 498 1520 viri
527 1457 567 1519 de
588 1453 703 1519 Naevii
731 1453 848 1523 fabulis
880 1455 1078 1540 scripserunt
1100 1458 1272 1540 conquesti
1297 1479 1342 1520 sun

229 1559 270 1624 de
293 1561 417 1646 magnis
448 1558 694 1634 difficultatibus
717 1559 790 1624 inde
813 1558 936 1625 obortis
959 1559 1047 1644 quod
1069 1561 1275 1646 grammatici
1301 1584 1331 1625 co

227 1662 371 1729 fuderint
393 1665 523 1738 nomina
545 1664 645 1741 Livii,
660 1664 800 1742 Naevii,
824 1664 936 1742 Nomi,
961 1661 1090 1741 Laevii,
1120 1688 1160 1729 ne
1186 1667 1300 1730 ‘dicam

228 1769 381 1838 monstris
404 1769 465 1832 illis
489 1770 604 1854 quibus
628 1771 725 1841 etiam
746 1769 857 1834 Plauti
879 1774 918 1834 etv
935 1769 1033 1834 Ennii
1061 1772 1193 1836 nomina
1220 1771 1346 1836 librario

227 1859 527 1962 'rum‘neglegentia
548 1899 610 1962 pro
623 1879 749 1963 ,poetae
771 1862 874 1940 nostri
897 1877 1026 1940 nomine
1047 1871 1263 1962 inrepserunt.
1301 1877 1343 1940 lc

228 1965 307 2064 que,
338 1979 407 2044 aliis
437 1982 514 2046 viris
537 1982 641 2047 doctis
664 1983 726 2046 alia
747 1980 1019 2066 periclitantibus,
1046 1979 1191 2067 Langius
1203 1986 1225 2063 1)
1251 1985 1292 2045 ut
1314 1981 1343 2045 ali-

228 2107 323 2168 quam
347 2085 462 2178 saltem
486 2087 685 2174 discernendi
707 2090 822 2172 poetas
852 2085 956 2169 legem
979 2085 1097 2150 habeat
1125 2088 1232 2151 videre
1256 2109 1343 2151 secun

225 2188 315 2257 iubet
331 2193 459 2256 criticos
482 2215 523 2255 an
553 2191 636 2254 hanc
651 2190 764 2253 saltem
781 2189 976 2254 constituere
991 2190 1095 2275 legem
1117 2191 1220 2268 liceat,
1245 2191 1303 2255 ubi
1322 2192 1344 2253 de

199 2293 421 2364 .hexametris
448 2295 594 2359 versibus
626 2315 730 2357 sermo
761 2295 819 2371 sit,
854 2316 918 2358 non
947 2294 1050 2369 Livii,
1081 2294 1137 2360 ubi
1161 2297 1199 2361 de
1228 2298 1343 2382 tragici

225 2422 329 2483 neque
361 2398 458 2464 Novii
487 2421 590 2483 neque
619 2399 731 2464 Laevii
766 2421 882 2464 nomen
912 2400 988 2484 poni
1025 2399 1135 2475 licere,
1164 2401 1343 2487 nisi'ipsun

223 2503 287 2566 iam
311 2506 501 2590 scriptorem
525 2527 648 2570 errasse
670 2507 806 2592 putem)

314 2607 379 2673 seo
401 2609 479 2673 nihil
501 2609 568 2675 fere
589 2611 778 2675 adiuvamur
800 2611 833 2674 in
855 2613 967 2674 nostra
990 2608 1176 2693 quaestione
1197 2609 1257 2676 hac
1277 2612 1344 2698 lege

224 2713 464 2799 qualiscumque
494 2720 557 2792 est,
589 2739 689 2800 quum
720 2716 900 2781 hexametri
929 2714 962 2778 in
991 2715 1039 2779 iis·
1059 2715 1239 2780 fabularum
1273 2715 1344 2802 frag-

224 2821 349 2895 mentis,
371 2833 453 2904 quae
468 2825 655 2897 tractamus,
679 2845 743 2886 non
766 2824 948 2894 occurrant,
971 2820 1073 2884 altera
1094 2823 1203 2884 autem
1224 2821 1278 2885 illa
1296 2847 1344 2887 res

124 2931 128 2942 '
222 2930 333 2990 utrum
357 2927 482 3012 tragica
508 2925 685 2991 habeamus
715 2948 756 2990 an
786 2927 908 2990 comica
936 2924 1137 3010 fragmenta,
1168 2925 1344 3013 plerumque

221 3054 286 3096 non
309 3033 414 3096 minus
437 3032 584 3118 aenigma
606 3031 648 3095 sit
671 3053 766 3115 quam
790 3033 861 3116 ipsa
881 3031 1027 3115 quaestio
1043 3030 1115 3114 quis
1131 3034 1241 3095 auctor
1255 3031 1345 3098 luerit

222 3137 317 3200 huius
354 3133 479 3202 illiusve
509 3136 645 3201 fabulae.
696 3136 869 3202 Postremo
898 3135 939 3202 de
970 3135 1143 3201 comoediis
1171 3133 1209 3199 de
1235 3139 1342 3219 quibus

221 3243 393 3328 praecipue
421 3266 503 3329 opus
533 3246 620 3318 erat,
655 3243 800 3329 Langius
828 3233 964 3307 nullum¹
980 3241 1143 3306 criterium
1174 3247 1342 3327 proposuit.

221 3331 290 3413 llos
319 3347 421 3434 igitur
452 3349 478 3413 si
506 3323 690 3432 quaerimus
721 3348 862 3412 auctoris
885 3368 1018 3424 nornen,
1051 3349 1196 3410 tenemus
1224 3348 1343 3430 quiden

220 3452 339 3540 Langii
361 3454 518 3518 rationem
543 3454 677 3518 mutatis
701 3453 878 3528 mutandi&
911 3451 969 3517 sed
990 3450 1092 3538 magis
1115 3452 1272 3536 sequimur
1294 3456 1348 3520 ola,

219 3557 384 3635 iectivam,
427 3561 464 3622 ut
501 3559 548 3622 ita
583 3559 705 3635 dicam,
752 3556 994 3632 auctoritatem,
1034 3555 1110 3622 freti
1144 3555 1340 3643 locupletium

220 3665 352 3730 testium
375 3685 539 3728 consensu.
1347 3659 1348 3706 l

217 3817 456 3833 ...φ-.-

292 3896 312 3956 ¹)
330 3895 399 3942 vind.
419 3901 482 3958 trag.
503 3885 576 3944 ltom.
593 3910 618 3958 p.
642 3900 681 3944 10.
702 3919 733 3929 -
755 3893 776 3954 ¹)
794 3893 920 3942 Mutanda
937 3893 1002 3942 haec
1020 3893 1065 3944 lex
1089 3894 1126 3943 sic
1145 3901 1183 3944 est
1203 3902 1229 3944 ut
1249 3903 1337 3946 sutus·

218 3997 274 4031 mus
287 3997 303 4030 a
316 3979 411 4030 Naevio
431 3997 532 4046 quoquo
550 3983 633 4032 nullos
646 3982 811 4032 hexametros
830 3995 885 4031 esse
902 3981 1019 4046 scriptos,
1036 3981 1160 4032 Laeuium
1173 3995 1229 4032 vero
1240 3984 1336 4034 omuino

217 4069 300 4118 nullas
318 4068 428 4120 edidisse
445 4069 553 4120 fabulas.
