2712 4630
790 153 1074 212 04¹.

396 437 399 442 ·
520 395 693 482 xxvu.
758 381 1104 504 (anamotus,

312 553 344 604 cf.
362 553 485 606 Ribbeck.
506 570 570 606 com.
588 553 634 604 rel.
655 569 680 618 p.
700 559 723 603 3.

331 689 516 758 Gladiolum
545 690 636 756 Festi
666 689 768 757 codex
779 694 804 776 1)
832 691 928 758 Livio
957 691 1099 768 tribuit3
1135 691 1244 775 itaque
1271 711 1328 753 erra

241 799 368 863 tantum
402 797 546 862 virorum
578 797 750 863 doctorum
782 795 906 862 factum
939 819 1008 862 esse
1037 796 1193 874 videtur,
1226 795 1249 860 si
1267 792 1326 860 Nae

241 903 323 998 hanc
354 899 497 966 fabulam
530 900 629 967 fuisse
663 905 865 968 censuerunt.
922 901 990 968 Sed
1021 902 1105 968 inde
1124 900 1184 966 'ab
1217 898 1314 967 Osanna

241 1029 335 1074 nemo
354 1007 419 1071 iam
440 1005 481 1072 de
503 1005 598 1072 huius
620 1005 748 1073 fabulae
769 1010 870 1095 poeta
894 1006 1034 1073 dubitat.

381 1295 384 1303 Δ
513 1203 704 1290 XXVIII.
768 1202 1104 1291 GLAUOOMA.

179 1424 181 1428 ι
311 1358 342 1410 cl.
362 1360 484 1410 Ribbeck.
504 1369 569 1412 coin.
588 1361 633 1412 rel.
652 1374 676 1424 p.
699 1367 738 1411 12.

325 1496 557 1586 Priscianusssu
580 1499 718 1584 „Tango
739 1503 908 1585 praeterea
928 1499 1024 1586 tetigi
1039 1499 1126 1566 facit
1143 1501 1180 1564 et
1194 1518 1289 1586 pungo
1299 1513 1323 1578 pt

191 1598 198 1609 ⁸
237 1604 318 1692 pugi
333 1603 383 1669 vel
398 1604 508 1689 punxi.
531 1603 639 1670 Varro
653 1605 686 1668 in
701 1603 719 1668 l
734 1603 983 1670 humanarum..
994 1604 1125 1672 Nevius
1140 1606 1176 1670 in
1195 1604 1321 1690 glaucum:

556 1747 595 1756 -
621 1747 660 1756 -
686 1745 725 1758 -
750 1710 838 1794 quod
861 1711 900 1775 de
923 1711 1060 1796 opsonio

449 1811 534 1879 Stilo
557 1813 635 1878 mihi
659 1815 693 1880 in
716 1838 846 1880 manum
868 1816 1018 1902 pupugit.
1038 1855 1081 1866 —

239 1917 455 1986 Consentiunt
476 1919 603 1984 libriin
626 1921 755 1986 nomine
778 1921 895 2007 poetae
916 1924 949 1987 et
968 1920 1112 2000 fabulae,
1138 1907 1320 2007 exceptoqul

239 2023 272 2092 G
286 2025 316 2091 L
331 2023 368 2090 K
389 2023 502 2114 legunt
517 2022 751 2102 „Glauconia“.
782 2025 1021 2112 Argumentum
1044 2027 1191 2104 fabulae,
1213 2026 1239 2089 si
1257 2035 1318 2086 noun

226 2131 475 2210 .-oonsideramns
497 2133 531 2196 in
553 2131 718 2196 oculorum
742 2130 855 2197 morbo
878 2133 989 2196 autin
1011 2131 1131 2200 fraude
1155 2132 1319 2216 aliquavea

237 2239 308 2303 tum
331 2258 401 2301 esse
423 2237 552 2301 videtur
559 2262 567 2313 3
591 2233 717 2314 Graeca
738 2234 849 2302 tabula
871 2237 1014 2302 eiusdem
1035 2239 1181 2304 nominis
1197 2231 1319 2302 nonem

237 2340 376 2409 conferri
407 2343 519 2406 tamen
545 2343 655 2428 potest
679 2339 965 2424 Ἀπεγλαυκωμὲνος
993 2342 1156 2411 Alexidis.
1211 2329 1320 2420 Quuni

235 2445 350 2514 Naevii
373 2444 552 2513 Glaucoma
580 2447 659 2529 illud
685 2446 748 2525 „de
778 2447 935 2534 opsonio“
957 2447 1202 2516 Klussmannus
1223 2445 1258 2510 de
1274 2432 1321 2526 pbi-

235 2554 297 2622 bus
317 2553 509 2620 intellexerit
530 2552 609 2618 haec
623 2575 675 2618 res
691 2553 731 2617 de
745 2552 986 2636 Leutschium4)
1008 2556 1175 2641 permovit
1197 2554 1232 2617 ut
1251 2542 1320 2628 cogit

196 2727 198 2730 .
235 2663 297 2739 ret,
321 2658 492 2726 cohaerere
513 2658 595 2724 hanc
617 2657 759 2724 fabulam
783 2681 854 2723 cum
877 2659 964 2745 pisce
980 2657 1108 2726 Glauco
1134 2660 1202 2726 sive
1217 2671 1278 2720 cum
1294 2643 1321 2705 dt

237 2767 370 2841 marino,
393 2764 582 2850 praesertim
604 2786 703 2849 quum
725 2764 758 2828 in
779 2763 968 2850 fragmentis
992 2765 1138 2832 Alexidis
1170 2763 1210 2828 de
1229 2749 1321 2846 piscibu

237 2893 342 2938 sermo
364 2869 415 2934 eit.
462 2866 528 2934 Sed
549 2869 617 2954 ipse
640 2891 730 2932 suam
761 2871 954 2934 sententiam
983 2871 1107 2950 reiecit,
1129 2867 1227 2956 „quod
1246 2853 1321 2966 „Gla

236 2984 350 3044 oome“
371 2997 435 3042 non
458 2972 644 3040 cohaereret
659 2993 732 3036 cum
748 2971 920 3050 ‚,Glauco“
940 2975 1037 3061 piscis
1056 2979 1196 3051 nomine,
1218 2972 1248 3035 et
1261 2973 1320 3040 [ΠΨ

236 3104 307 3150 eam
328 3082 498 3164 reiecisset,
528 3079 555 3144 si
577 3078 811 3145 considerasset
832 3077 989 3154 Naevium
1012 3081 1051 3148 de
1073 3080 1217 3170 piscibus
1238 3090 1290 3138 non
1303 3061 1322 3122 b

177 3242 180 3247 .
237 3188 346 3275 quiin
369 3185 565 3255 Glaueomae
586 3183 786 3273 fragmentis.
874 3185 877 3190 '

475 3379 634 3464 XXIX.
696 3380 1108 3469 GYMNASTIOUS.

307 3537 339 3590 cl.
354 3539 477 3590 Ribbeck.
499 3513 565 3590 com.
584 3538 628 3589 rel.
648 3555 672 3604 p.
695 3545 733 3589 12.

224 3676 227 3682 ’
321 3677 445 3744 Nonius
468 3663 544 3744 octo
557 3675 761 3764 Gymnastici
777 3676 962 3764 fragmenta
977 3679 1116 3744 servavit
1139 3693 1220 3762 quae
1241 3659 1284 3732 vel
1299 3653 1323 3736 lt

235 3783 279 3850 sis
300 3783 442 3869 reliquiis
465 3784 649 3861 ostendunt,
671 3804 767 3869 quam
788 3783 901 3869 pulcra
916 3785 1013 3868 atque
1028 3783 1167 3852 iucunda
1181 3777 1233 3844 illa
1246 3755 1322 3834 fibri

306 3964 326 4025 ¹)
344 3977 368 4027 n·
385 3968 441 4032 210,
455 3963 492 4014 M.
511 3989 544 4000 -
565 3961 586 4024 2)
604 3975 645 4012 an.
665 3961 719 4012 cria
737 3977 762 4026 p.
783 3965 815 4011 aa
842 3967 868 4012 er
886 3967 926 4012 sc.
946 3989 979 4002 ·-
1005 3963 1068 4030 up.
1088 3967 1139 4015 aec
1155 3960 1184 4014 P.
1203 3957 1250 4006 524
1264 3943 1290 3996 Η.
1305 3954 1322 3970 ,

234 4052 257 4117 ⁴)
275 4052 305 4106 In
324 4066 377 4102 eac.
396 4041 485 4102 Erech.
506 4057 532 4100 et
550 4047 628 4100 Gmb.
648 4063 667 4100 s.
686 4063 710 4098 v.
730 4047 879 4100 Glaueoma.
